<?xml version="1.0" encoding="UTF-8"?>
<!DOCTYPE html PUBLIC "-//W3C//DTD XHTML 1.0 Transitional//EN"
    "http://www.w3.org/TR/xhtml1/DTD/xhtml1-transitional.dtd">
<html xmlns="http://www.w3.org/1999/xhtml" xml:lang="en" lang="en">
 <head>
  <title>
</title>
<meta http-equiv="Content-Type" content="text/html;charset=utf-8" />
  <meta name='ocr-system' content='tesseract 3.04.00' />
  <meta name='ocr-capabilities' content='ocr_page ocr_carea ocr_par ocr_line ocrx_word'/>
</head>
<body>
  <div class='ocr_page' id='page_1' title='image "./epistulaerecogno0201ciceuoft_0236.png"; bbox 0 0 1817 2832; ppageno 0'>
   <div class='ocr_carea' id='block_1_1' title="bbox 159 119 1250 162">
    <p class='ocr_par' dir='ltr' id='par_1_1' title="bbox 159 119 1250 162">
     <span class='ocr_line' id='line_1_1' title="bbox 159 119 1250 162; baseline -0.002 -2"><span class='ocrx_word' id='word_1_1' title='bbox 159 124 251 162; x_wconf 89' lang='lat' dir='ltr'><strong>VII.</strong></span> <span class='ocrx_word' id='word_1_2' title='bbox 271 134 302 162; x_wconf 90' lang='lat' dir='ltr'>v</span> <span class='ocrx_word' id='word_1_3' title='bbox 375 132 377 135; x_wconf 85' lang='grc'><strong><em>·</em></strong></span> <span class='ocrx_word' id='word_1_4' title='bbox 651 123 707 160; x_wconf 92' lang='grc' dir='ltr'>Μ.</span> <span class='ocrx_word' id='word_1_5' title='bbox 739 121 910 159; x_wconf 90' lang='lat' dir='ltr'>TVLLI</span> <span class='ocrx_word' id='word_1_6' title='bbox 941 119 1250 160; x_wconf 88' lang='lat' dir='ltr'>CICERONIS</span> 
     </span>
    </p>
   </div>
   <div class='ocr_carea' id='block_1_2' title="bbox 334 230 1333 351">
    <p class='ocr_par' dir='ltr' id='par_1_2' title="bbox 334 230 1333 351">
     <span class='ocr_line' id='line_1_2' title="bbox 334 230 1333 273; baseline -0.003 -7"><span class='ocrx_word' id='word_1_7' title='bbox 334 230 376 266; x_wconf 85' lang='lat' dir='ltr'><strong>V</strong></span> <span class='ocrx_word' id='word_1_8' title='bbox 567 231 639 264; x_wconf 82' lang='lat' dir='ltr'>Ser.</span> <span class='ocrx_word' id='word_1_9' title='bbox 656 231 690 263; x_wconf 78' lang='lat' dir='ltr'>in</span> <span class='ocrx_word' id='word_1_10' title='bbox 706 231 887 263; x_wconf 57' lang='lat' dir='ltr'>Formiano</span> <span class='ocrx_word' id='word_1_11' title='bbox 901 241 946 262; x_wconf 80' lang='lat' dir='ltr'>xv</span> <span class='ocrx_word' id='word_1_12' title='bbox 961 231 1004 262; x_wconf 89' lang='lat' dir='ltr'>K.</span> <span class='ocrx_word' id='word_1_13' title='bbox 1024 230 1097 263; x_wconf 85' lang='lat' dir='ltr'>Ian.</span> <span class='ocrx_word' id='word_1_14' title='bbox 1117 241 1148 262; x_wconf 80' lang='lat' dir='ltr'>a.</span> <span class='ocrx_word' id='word_1_15' title='bbox 1170 241 1231 272; x_wconf 74' lang='lat'>704</span> <span class='ocrx_word' id='word_1_16' title='bbox 1251 230 1333 273; x_wconf 73' lang='lat'>(50).</span> 
     </span>
     <span class='ocr_line' id='line_1_3' title="bbox 713 318 1210 351; baseline -0.004 0"><span class='ocrx_word' id='word_1_17' title='bbox 713 320 887 351; x_wconf 83' lang='lat' dir='ltr'>CICERO</span> <span class='ocrx_word' id='word_1_18' title='bbox 912 319 1085 351; x_wconf 84' lang='lat' dir='ltr'>ATTICO</span> <span class='ocrx_word' id='word_1_19' title='bbox 1112 318 1210 350; x_wconf 82' lang='lat' dir='ltr'>SAL.</span> 
     </span>
    </p>
   </div>
   <div class='ocr_carea' id='block_1_3' title="bbox 253 407 1698 2072">
    <p class='ocr_par' dir='ltr' id='par_1_3' title="bbox 258 407 1664 720">
     <span class='ocr_line' id='line_1_4' title="bbox 258 407 1624 459; baseline -0.002 -10"><span class='ocrx_word' id='word_1_20' title='bbox 258 424 276 451; x_wconf 94' lang='lat'>1</span> <span class='ocrx_word' id='word_1_21' title='bbox 349 411 498 448; x_wconf 87' lang='lat' dir='ltr'>Multas</span> <span class='ocrx_word' id='word_1_22' title='bbox 528 422 611 447; x_wconf 91' lang='lat' dir='ltr'>uno</span> <span class='ocrx_word' id='word_1_23' title='bbox 643 417 821 459; x_wconf 90' lang='lat' dir='ltr'>tempore</span> <span class='ocrx_word' id='word_1_24' title='bbox 852 409 989 459; x_wconf 89' lang='lat' dir='ltr'>accepi</span> <span class='ocrx_word' id='word_1_25' title='bbox 1020 408 1205 459; x_wconf 81' lang='lat' dir='ltr'>epistulas</span> <span class='ocrx_word' id='word_1_26' title='bbox 1237 416 1351 456; x_wconf 83' lang='lat' dir='ltr'>tuas;</span> <span class='ocrx_word' id='word_1_27' title='bbox 1381 421 1482 459; x_wconf 87' lang='lat' dir='ltr'>quae</span> <span class='ocrx_word' id='word_1_28' title='bbox 1515 407 1624 455; x_wconf 86' lang='lat' dir='ltr'>mihi,</span> 
     </span>
     <span class='ocr_line' id='line_1_5' title="bbox 296 473 1625 525; baseline -0.002 -12"><span class='ocrx_word' id='word_1_29' title='bbox 296 488 537 525; x_wconf 87' lang='lat' dir='ltr'>quamquam</span> <span class='ocrx_word' id='word_1_30' title='bbox 558 474 775 513; x_wconf 77' lang='lat' dir='ltr'>recentiora</span> <span class='ocrx_word' id='word_1_31' title='bbox 794 474 1005 513; x_wconf 76' lang='lat' dir='ltr'>audiebam</span> <span class='ocrx_word' id='word_1_32' title='bbox 1027 487 1074 512; x_wconf 85' lang='lat' dir='ltr'>ex</span> <span class='ocrx_word' id='word_1_33' title='bbox 1093 473 1138 511; x_wconf 90' lang='lat' dir='ltr'>iis</span> <span class='ocrx_word' id='word_1_34' title='bbox 1160 473 1227 523; x_wconf 87' lang='lat' dir='ltr'>qui</span> <span class='ocrx_word' id='word_1_35' title='bbox 1247 475 1298 513; x_wconf 91' lang='lat' dir='ltr'>ad</span> <span class='ocrx_word' id='word_1_36' title='bbox 1319 487 1382 512; x_wconf 91' lang='lat' dir='ltr'>me</span> <span class='ocrx_word' id='word_1_37' title='bbox 1402 473 1625 520; x_wconf 84' lang='lat' dir='ltr'>veniebant,</span> 
     </span>
     <span class='ocr_line' id='line_1_6' title="bbox 296 537 1664 587; baseline -0.002 -9"><span class='ocrx_word' id='word_1_38' title='bbox 296 547 430 578; x_wconf 90' lang='lat' dir='ltr'>tamen</span> <span class='ocrx_word' id='word_1_39' title='bbox 461 547 571 578; x_wconf 85' lang='lat' dir='ltr'>erant</span> <span class='ocrx_word' id='word_1_40' title='bbox 608 539 830 587; x_wconf 87' lang='lat' dir='ltr'>iucundae;</span> <span class='ocrx_word' id='word_1_41' title='bbox 874 539 1048 577; x_wconf 88' lang='lat' dir='ltr'>studium</span> <span class='ocrx_word' id='word_1_42' title='bbox 1088 538 1194 577; x_wconf 92' lang='lat' dir='ltr'>enim</span> <span class='ocrx_word' id='word_1_43' title='bbox 1233 546 1272 577; x_wconf 86' lang='lat' dir='ltr'>et</span> <span class='ocrx_word' id='word_1_44' title='bbox 1309 537 1627 576; x_wconf 79' lang='lat' dir='ltr'>benevolentiam</span> <span class='ocrx_word' id='word_1_45' title='bbox 1648 549 1664 581; x_wconf 91' lang='lat'>5</span> 
     </span>
     <span class='ocr_line' id='line_1_7' title="bbox 296 602 1628 644; baseline -0.003 0"><span class='ocrx_word' id='word_1_46' title='bbox 296 605 560 644; x_wconf 77' lang='lat' dir='ltr'>declarabant.</span> <span class='ocrx_word' id='word_1_47' title='bbox 619 604 859 643; x_wconf 83' lang='lat' dir='ltr'>Valetudine</span> <span class='ocrx_word' id='word_1_48' title='bbox 898 611 964 642; x_wconf 85' lang='lat' dir='ltr'>tua</span> <span class='ocrx_word' id='word_1_49' title='bbox 1002 617 1164 642; x_wconf 90' lang='lat' dir='ltr'>moveor</span> <span class='ocrx_word' id='word_1_50' title='bbox 1201 610 1240 641; x_wconf 91' lang='lat' dir='ltr'>et</span> <span class='ocrx_word' id='word_1_51' title='bbox 1274 603 1413 641; x_wconf 87' lang='lat' dir='ltr'>Piliam</span> <span class='ocrx_word' id='word_1_52' title='bbox 1447 602 1487 640; x_wconf 93' lang='lat' dir='ltr'>in</span> <span class='ocrx_word' id='word_1_53' title='bbox 1521 602 1628 641; x_wconf 89' lang='lat' dir='ltr'>idem</span> 
     </span>
     <span class='ocr_line' id='line_1_8' title="bbox 296 667 1626 720; baseline -0.002 -13"><span class='ocrx_word' id='word_1_54' title='bbox 296 682 419 719; x_wconf 87' lang='lat' dir='ltr'>genus</span> <span class='ocrx_word' id='word_1_55' title='bbox 451 668 577 707; x_wconf 85' lang='lat' dir='ltr'>morbi</span> <span class='ocrx_word' id='word_1_56' title='bbox 606 670 808 720; x_wconf 81' lang='lat' dir='ltr'>delapsam</span> <span class='ocrx_word' id='word_1_57' title='bbox 839 682 973 707; x_wconf 88' lang='lat' dir='ltr'>curam</span> <span class='ocrx_word' id='word_1_58' title='bbox 1003 668 1074 706; x_wconf 88' lang='lat' dir='ltr'>tibi</span> <span class='ocrx_word' id='word_1_59' title='bbox 1103 669 1254 707; x_wconf 89' lang='lat' dir='ltr'>adferre</span> <span class='ocrx_word' id='word_1_60' title='bbox 1278 668 1466 707; x_wconf 93' lang='lat' dir='ltr'>maiorem</span> <span class='ocrx_word' id='word_1_61' title='bbox 1488 667 1626 706; x_wconf 89' lang='lat' dir='ltr'>sentio.</span> 
     </span>
    </p>

    <p class='ocr_par' dir='ltr' id='par_1_4' title="bbox 253 732 1691 978">
     <span class='ocr_line' id='line_1_9' title="bbox 253 732 1629 784; baseline 0.001 -15"><span class='ocrx_word' id='word_1_62' title='bbox 253 741 277 769; x_wconf 83' lang='lat'>2</span> <span class='ocrx_word' id='word_1_63' title='bbox 300 736 402 773; x_wconf 92' lang='lat' dir='ltr'>Date</span> <span class='ocrx_word' id='word_1_64' title='bbox 423 733 537 784; x_wconf 80' lang='lat' dir='ltr'>igitur</span> <span class='ocrx_word' id='word_1_65' title='bbox 557 747 716 784; x_wconf 86' lang='lat' dir='ltr'>operam</span> <span class='ocrx_word' id='word_1_66' title='bbox 738 741 781 772; x_wconf 85' lang='lat' dir='ltr'>ut</span> <span class='ocrx_word' id='word_1_67' title='bbox 801 733 972 772; x_wconf 85' lang='lat' dir='ltr'>valeatis.</span> <span class='ocrx_word' id='word_1_68' title='bbox 1032 735 1095 771; x_wconf 93' lang='lat' dir='ltr'>De</span> <span class='ocrx_word' id='word_1_69' title='bbox 1118 733 1266 771; x_wconf 88' lang='lat' dir='ltr'>Tirone</span> <span class='ocrx_word' id='word_1_70' title='bbox 1284 733 1402 771; x_wconf 88' lang='lat' dir='ltr'>video</span> <span class='ocrx_word' id='word_1_71' title='bbox 1422 732 1493 771; x_wconf 86' lang='lat' dir='ltr'>tibi</span> <span class='ocrx_word' id='word_1_72' title='bbox 1514 745 1629 771; x_wconf 89' lang='lat' dir='ltr'>curae</span> 
     </span>
     <span class='ocr_line' id='line_1_10' title="bbox 298 796 1631 848; baseline -0.002 -10"><span class='ocrx_word' id='word_1_73' title='bbox 298 812 396 838; x_wconf 88' lang='lat' dir='ltr'>esse.</span> <span class='ocrx_word' id='word_1_74' title='bbox 472 800 603 847; x_wconf 87' lang='lat' dir='ltr'>Quem</span> <span class='ocrx_word' id='word_1_75' title='bbox 643 798 805 848; x_wconf 88' lang='lat' dir='ltr'>quidem</span> <span class='ocrx_word' id='word_1_76' title='bbox 845 812 929 848; x_wconf 82' lang='lat' dir='ltr'>ego,</span> <span class='ocrx_word' id='word_1_77' title='bbox 969 797 1042 837; x_wconf 90' lang='lat' dir='ltr'>etsi</span> <span class='ocrx_word' id='word_1_78' title='bbox 1080 797 1268 847; x_wconf 87' lang='lat' dir='ltr'>mirabilis</span> <span class='ocrx_word' id='word_1_79' title='bbox 1307 797 1493 836; x_wconf 81' lang='lat' dir='ltr'>utilitates</span> <span class='ocrx_word' id='word_1_80' title='bbox 1533 796 1631 835; x_wconf 88' lang='lat' dir='ltr'>mihi</span> 
     </span>
     <span class='ocr_line' id='line_1_11' title="bbox 298 862 1691 915; baseline -0.004 -13"><span class='ocrx_word' id='word_1_81' title='bbox 298 864 470 915; x_wconf 89' lang='lat' dir='ltr'>praebet,</span> <span class='ocrx_word' id='word_1_82' title='bbox 493 877 584 901; x_wconf 92' lang='lat' dir='ltr'>cum</span> <span class='ocrx_word' id='word_1_83' title='bbox 605 865 718 911; x_wconf 81' lang='lat' dir='ltr'>valet,</span> <span class='ocrx_word' id='word_1_84' title='bbox 744 862 784 900; x_wconf 90' lang='lat' dir='ltr'>in</span> <span class='ocrx_word' id='word_1_85' title='bbox 809 863 918 901; x_wconf 92' lang='lat' dir='ltr'>omni</span> <span class='ocrx_word' id='word_1_86' title='bbox 946 876 1089 913; x_wconf 83' lang='lat' dir='ltr'>genere</span> <span class='ocrx_word' id='word_1_87' title='bbox 1114 864 1176 901; x_wconf 90' lang='lat' dir='ltr'>vel</span> <span class='ocrx_word' id='word_1_88' title='bbox 1206 862 1453 912; x_wconf 83' lang='lat' dir='ltr'>negotiorum</span> <span class='ocrx_word' id='word_1_89' title='bbox 1473 862 1534 900; x_wconf 87' lang='lat' dir='ltr'>vel</span> <span class='ocrx_word' id='word_1_90' title='bbox 1555 869 1632 900; x_wconf 93' lang='lat' dir='ltr'>stu·</span> <span class='ocrx_word' id='word_1_91' title='bbox 1656 875 1691 897; x_wconf 91' lang='lat'>10</span> 
     </span>
     <span class='ocr_line' id='line_1_12' title="bbox 299 926 1631 978; baseline -0.003 -10"><span class='ocrx_word' id='word_1_92' title='bbox 299 929 455 969; x_wconf 90' lang='lat' dir='ltr'>diorum</span> <span class='ocrx_word' id='word_1_93' title='bbox 477 942 666 976; x_wconf 88' lang='lat' dir='ltr'>meorum,</span> <span class='ocrx_word' id='word_1_94' title='bbox 690 936 822 966; x_wconf 87' lang='lat' dir='ltr'>tamen</span> <span class='ocrx_word' id='word_1_95' title='bbox 843 935 1001 978; x_wconf 86' lang='lat' dir='ltr'>propter</span> <span class='ocrx_word' id='word_1_96' title='bbox 1028 927 1314 966; x_wconf 83' lang='lat' dir='ltr'>humanitatem</span> <span class='ocrx_word' id='word_1_97' title='bbox 1335 934 1374 966; x_wconf 91' lang='lat' dir='ltr'>et</span> <span class='ocrx_word' id='word_1_98' title='bbox 1395 926 1631 965; x_wconf 86' lang='lat' dir='ltr'>modestiam</span> 
     </span>
    </p>

    <p class='ocr_par' dir='ltr' id='par_1_5' title="bbox 257 992 1698 1555">
     <span class='ocr_line' id='line_1_13' title="bbox 257 992 1633 1043; baseline -0.003 -10"><span class='ocrx_word' id='word_1_99' title='bbox 257 1002 281 1039; x_wconf 91' lang='lat'>3</span> <span class='ocrx_word' id='word_1_100' title='bbox 301 996 406 1033; x_wconf 89' lang='lat' dir='ltr'>malo</span> <span class='ocrx_word' id='word_1_101' title='bbox 435 995 585 1032; x_wconf 90' lang='lat' dir='ltr'>salvum</span> <span class='ocrx_word' id='word_1_102' title='bbox 616 1007 735 1043; x_wconf 83' lang='lat' dir='ltr'>quam</span> <span class='ocrx_word' id='word_1_103' title='bbox 765 1001 923 1043; x_wconf 91' lang='lat' dir='ltr'>propter</span> <span class='ocrx_word' id='word_1_104' title='bbox 952 1006 1067 1031; x_wconf 83' lang='lat' dir='ltr'>usum</span> <span class='ocrx_word' id='word_1_105' title='bbox 1095 1006 1239 1031; x_wconf 90' lang='lat' dir='ltr'>meum.</span> <span class='ocrx_word' id='word_1_106' title='bbox 1299 992 1534 1042; x_wconf 85' lang='lat' dir='ltr'>Philogenes</span> <span class='ocrx_word' id='word_1_107' title='bbox 1556 1004 1633 1029; x_wconf 90' lang='lat' dir='ltr'>me-</span> 
     </span>
     <span class='ocr_line' id='line_1_14' title="bbox 301 1055 1633 1108; baseline -0.003 -10"><span class='ocrx_word' id='word_1_108' title='bbox 301 1073 392 1099; x_wconf 91' lang='lat' dir='ltr'>cum</span> <span class='ocrx_word' id='word_1_109' title='bbox 426 1059 523 1097; x_wconf 89' lang='lat' dir='ltr'>nihil</span> <span class='ocrx_word' id='word_1_110' title='bbox 556 1072 747 1108; x_wconf 86' lang='lat' dir='ltr'>umquam</span> <span class='ocrx_word' id='word_1_111' title='bbox 778 1059 829 1097; x_wconf 89' lang='lat' dir='ltr'>de</span> <span class='ocrx_word' id='word_1_112' title='bbox 861 1058 1059 1096; x_wconf 84' lang='lat' dir='ltr'>Luscenio</span> <span class='ocrx_word' id='word_1_113' title='bbox 1096 1059 1252 1096; x_wconf 88' lang='lat' dir='ltr'>locutus</span> <span class='ocrx_word' id='word_1_114' title='bbox 1291 1064 1374 1105; x_wconf 84' lang='lat' dir='ltr'>est;</span> <span class='ocrx_word' id='word_1_115' title='bbox 1413 1058 1464 1096; x_wconf 92' lang='lat' dir='ltr'>de</span> <span class='ocrx_word' id='word_1_116' title='bbox 1494 1055 1633 1095; x_wconf 90' lang='lat' dir='ltr'>ceteris</span> 
     </span>
     <span class='ocr_line' id='line_1_15' title="bbox 301 1120 1633 1173; baseline -0.004 -9"><span class='ocrx_word' id='word_1_117' title='bbox 301 1126 417 1164; x_wconf 92' lang='lat' dir='ltr'>rebus</span> <span class='ocrx_word' id='word_1_118' title='bbox 455 1125 578 1163; x_wconf 88' lang='lat' dir='ltr'>habes</span> <span class='ocrx_word' id='word_1_119' title='bbox 618 1123 865 1173; x_wconf 89' lang='lat' dir='ltr'>Dionysium.</span> <span class='ocrx_word' id='word_1_120' title='bbox 924 1125 1107 1162; x_wconf 90' lang='lat' dir='ltr'>Sororem</span> <span class='ocrx_word' id='word_1_121' title='bbox 1139 1130 1248 1161; x_wconf 86' lang='lat' dir='ltr'>tuam</span> <span class='ocrx_word' id='word_1_122' title='bbox 1287 1136 1369 1161; x_wconf 94' lang='lat' dir='ltr'>non</span> <span class='ocrx_word' id='word_1_123' title='bbox 1406 1121 1560 1160; x_wconf 90' lang='lat' dir='ltr'>venisse</span> <span class='ocrx_word' id='word_1_124' title='bbox 1592 1120 1633 1159; x_wconf 91' lang='lat' dir='ltr'>in</span> 
     </span>
     <span class='ocr_line' id='line_1_16' title="bbox 301 1185 1692 1238; baseline -0.005 -9"><span class='ocrx_word' id='word_1_125' title='bbox 301 1193 502 1230; x_wconf 85' lang='lat' dir='ltr'>Arcanum</span> <span class='ocrx_word' id='word_1_126' title='bbox 533 1189 661 1228; x_wconf 87' lang='lat' dir='ltr'>miror.</span> <span class='ocrx_word' id='word_1_127' title='bbox 722 1190 784 1227; x_wconf 92' lang='lat' dir='ltr'>De</span> <span class='ocrx_word' id='word_1_128' title='bbox 815 1187 1037 1238; x_wconf 86' lang='lat' dir='ltr'>Chrysippo</span> <span class='ocrx_word' id='word_1_129' title='bbox 1070 1201 1203 1226; x_wconf 89' lang='lat' dir='ltr'>meum</span> <span class='ocrx_word' id='word_1_130' title='bbox 1234 1186 1444 1225; x_wconf 91' lang='lat' dir='ltr'>consilium</span> <span class='ocrx_word' id='word_1_131' title='bbox 1478 1185 1634 1236; x_wconf 89' lang='lat' dir='ltr'>probari</span> <span class='ocrx_word' id='word_1_132' title='bbox 1656 1200 1692 1231; x_wconf 92' lang='lat'>15</span> 
     </span>
     <span class='ocr_line' id='line_1_17' title="bbox 302 1252 1635 1304; baseline -0.005 -8"><span class='ocrx_word' id='word_1_133' title='bbox 302 1256 373 1296; x_wconf 87' lang='lat' dir='ltr'>tibi</span> <span class='ocrx_word' id='word_1_134' title='bbox 394 1270 475 1295; x_wconf 90' lang='lat' dir='ltr'>non</span> <span class='ocrx_word' id='word_1_135' title='bbox 495 1257 660 1294; x_wconf 86' lang='lat' dir='ltr'>moleste</span> <span class='ocrx_word' id='word_1_136' title='bbox 681 1256 772 1292; x_wconf 90' lang='lat' dir='ltr'>fero.</span> <span class='ocrx_word' id='word_1_137' title='bbox 834 1256 920 1304; x_wconf 84' lang='lat' dir='ltr'>Ego</span> <span class='ocrx_word' id='word_1_138' title='bbox 949 1253 989 1291; x_wconf 88' lang='lat' dir='ltr'>in</span> <span class='ocrx_word' id='word_1_139' title='bbox 1018 1254 1288 1291; x_wconf 77' lang='lat' dir='ltr'>Tusculanum</span> <span class='ocrx_word' id='word_1_140' title='bbox 1314 1252 1412 1290; x_wconf 85' lang='lat' dir='ltr'>nihil</span> <span class='ocrx_word' id='word_1_141' title='bbox 1440 1265 1534 1290; x_wconf 88' lang='lat' dir='ltr'>sane</span> <span class='ocrx_word' id='word_1_142' title='bbox 1557 1252 1635 1290; x_wconf 93' lang='lat' dir='ltr'>hoc</span> 
     </span>
     <span class='ocr_line' id='line_1_18' title="bbox 303 1317 1633 1372; baseline -0.005 -12"><span class='ocrx_word' id='word_1_143' title='bbox 303 1330 480 1372; x_wconf 76' lang='lat' dir='ltr'>tempore</span> <span class='ocrx_word' id='word_1_144' title='bbox 498 1335 507 1368; x_wconf 81' lang='lat'>;</span> <span class='ocrx_word' id='word_1_145' title='bbox 536 1319 696 1358; x_wconf 78' lang='lat' dir='ltr'>devium</span> <span class='ocrx_word' id='word_1_146' title='bbox 717 1326 775 1358; x_wconf 78' lang='lat' dir='ltr'>est</span> <span class='ocrx_word' id='word_1_147' title='bbox 794 1321 870 1359; x_wconf 79' lang='grc' dir='ltr'>τοῖς</span> <span class='ocrx_word' id='word_1_148' title='bbox 890 1321 1102 1357; x_wconf 81' lang='grc' dir='ltr'>ἀπαντῶσιν</span> <span class='ocrx_word' id='word_1_149' title='bbox 1121 1325 1159 1356; x_wconf 77' lang='lat' dir='ltr'>et</span> <span class='ocrx_word' id='word_1_150' title='bbox 1179 1318 1299 1356; x_wconf 76' lang='lat' dir='ltr'>habet</span> <span class='ocrx_word' id='word_1_151' title='bbox 1311 1317 1387 1356; x_wconf 78' lang='lat' dir='ltr'>alia</span> <span class='ocrx_word' id='word_1_152' title='bbox 1402 1318 1633 1368; x_wconf 78' lang='grc' dir='ltr'>δύσχρηστα.</span> 
     </span>
     <span class='ocr_line' id='line_1_19' title="bbox 304 1383 1637 1434; baseline -0.005 -8"><span class='ocrx_word' id='word_1_153' title='bbox 304 1388 382 1426; x_wconf 89' lang='lat' dir='ltr'>Sed</span> <span class='ocrx_word' id='word_1_154' title='bbox 403 1387 453 1425; x_wconf 92' lang='lat' dir='ltr'>de</span> <span class='ocrx_word' id='word_1_155' title='bbox 485 1384 696 1424; x_wconf 88' lang='lat' dir='ltr'>Formiano</span> <span class='ocrx_word' id='word_1_156' title='bbox 717 1384 970 1422; x_wconf 85' lang='lat' dir='ltr'>Tarracinam</span> <span class='ocrx_word' id='word_1_157' title='bbox 1001 1383 1126 1434; x_wconf 82' lang='lat' dir='ltr'>pridie</span> <span class='ocrx_word' id='word_1_158' title='bbox 1148 1385 1236 1422; x_wconf 88' lang='lat' dir='ltr'>Kal.</span> <span class='ocrx_word' id='word_1_159' title='bbox 1261 1384 1345 1421; x_wconf 89' lang='lat' dir='ltr'>Ian.</span> <span class='ocrx_word' id='word_1_160' title='bbox 1390 1384 1491 1421; x_wconf 91' lang='lat' dir='ltr'>Inde</span> <span class='ocrx_word' id='word_1_161' title='bbox 1522 1384 1637 1421; x_wconf 92' lang='lat' dir='ltr'>Pom-</span> 
     </span>
     <span class='ocr_line' id='line_1_20' title="bbox 304 1447 1637 1503; baseline -0.003 -14"><span class='ocrx_word' id='word_1_162' title='bbox 304 1451 455 1503; x_wconf 85' lang='lat' dir='ltr'>ptinam</span> <span class='ocrx_word' id='word_1_163' title='bbox 477 1463 684 1494; x_wconf 88' lang='lat' dir='ltr'>summam,</span> <span class='ocrx_word' id='word_1_164' title='bbox 702 1448 796 1488; x_wconf 88' lang='lat' dir='ltr'>inde</span> <span class='ocrx_word' id='word_1_165' title='bbox 822 1450 863 1487; x_wconf 78' lang='lat' dir='ltr'>in</span> <span class='ocrx_word' id='word_1_166' title='bbox 884 1449 1086 1487; x_wconf 88' lang='lat' dir='ltr'>Albanum</span> <span class='ocrx_word' id='word_1_167' title='bbox 1109 1447 1286 1498; x_wconf 89' lang='lat' dir='ltr'>Pompei.</span> <span class='ocrx_word' id='word_1_168' title='bbox 1345 1449 1407 1486; x_wconf 87' lang='lat' dir='ltr'>Ita</span> <span class='ocrx_word' id='word_1_169' title='bbox 1425 1449 1476 1486; x_wconf 91' lang='lat' dir='ltr'>ad</span> <span class='ocrx_word' id='word_1_170' title='bbox 1497 1447 1637 1486; x_wconf 91' lang='lat' dir='ltr'>urbem</span> 
     </span>
     <span class='ocr_line' id='line_1_21' title="bbox 305 1514 1698 1555; baseline -0.002 -1"><span class='ocrx_word' id='word_1_171' title='bbox 305 1529 351 1555; x_wconf 90' lang='lat'>111</span> <span class='ocrx_word' id='word_1_172' title='bbox 374 1518 511 1554; x_wconf 85' lang='lat' dir='ltr'>Nonas</span> <span class='ocrx_word' id='word_1_173' title='bbox 532 1514 651 1553; x_wconf 86' lang='lat' dir='ltr'>natali</span> <span class='ocrx_word' id='word_1_174' title='bbox 671 1528 772 1553; x_wconf 90' lang='lat' dir='ltr'>meo.</span> <span class='ocrx_word' id='word_1_175' title='bbox 1658 1529 1698 1551; x_wconf 87' lang='lat'>20</span> 
     </span>
    </p>

    <p class='ocr_par' dir='ltr' id='par_1_6' title="bbox 258 1576 1694 2072">
     <span class='ocr_line' id='line_1_22' title="bbox 258 1576 1637 1631; baseline -0.003 -12"><span class='ocrx_word' id='word_1_176' title='bbox 258 1593 285 1631; x_wconf 95' lang='lat'>4</span> <span class='ocrx_word' id='word_1_177' title='bbox 360 1583 422 1619; x_wconf 92' lang='lat' dir='ltr'>De</span> <span class='ocrx_word' id='word_1_178' title='bbox 452 1593 491 1618; x_wconf 91' lang='lat' dir='ltr'>re</span> <span class='ocrx_word' id='word_1_179' title='bbox 522 1579 681 1629; x_wconf 84' lang='lat' dir='ltr'>publica</span> <span class='ocrx_word' id='word_1_180' title='bbox 710 1578 856 1617; x_wconf 88' lang='lat' dir='ltr'>cotidie</span> <span class='ocrx_word' id='word_1_181' title='bbox 878 1578 1001 1628; x_wconf 80' lang='lat' dir='ltr'>magis</span> <span class='ocrx_word' id='word_1_182' title='bbox 1022 1578 1154 1617; x_wconf 90' lang='lat' dir='ltr'>timeo.</span> <span class='ocrx_word' id='word_1_183' title='bbox 1214 1579 1307 1616; x_wconf 90' lang='lat' dir='ltr'>Non</span> <span class='ocrx_word' id='word_1_184' title='bbox 1335 1576 1441 1616; x_wconf 89' lang='lat' dir='ltr'>enim</span> <span class='ocrx_word' id='word_1_185' title='bbox 1463 1576 1570 1624; x_wconf 91' lang='lat' dir='ltr'>boni,</span> <span class='ocrx_word' id='word_1_186' title='bbox 1594 1584 1637 1615; x_wconf 94' lang='lat' dir='ltr'>ut</span> 
     </span>
     <span class='ocr_line' id='line_1_23' title="bbox 304 1642 1635 1696; baseline -0.003 -13"><span class='ocrx_word' id='word_1_187' title='bbox 304 1652 500 1696; x_wconf 85' lang='lat' dir='ltr'>putantur,</span> <span class='ocrx_word' id='word_1_188' title='bbox 534 1643 797 1682; x_wconf 88' lang='lat' dir='ltr'>consentiunt.</span> <span class='ocrx_word' id='word_1_189' title='bbox 859 1644 972 1691; x_wconf 86' lang='lat' dir='ltr'>Quos</span> <span class='ocrx_word' id='word_1_190' title='bbox 1006 1656 1079 1693; x_wconf 82' lang='lat' dir='ltr'>ego</span> <span class='ocrx_word' id='word_1_191' title='bbox 1106 1642 1258 1692; x_wconf 78' lang='lat' dir='ltr'>equites</span> <span class='ocrx_word' id='word_1_192' title='bbox 1287 1644 1502 1689; x_wconf 88' lang='lat' dir='ltr'>Romanos,</span> <span class='ocrx_word' id='word_1_193' title='bbox 1535 1655 1635 1691; x_wconf 84' lang='lat' dir='ltr'>quos</span> 
     </span>
     <span class='ocr_line' id='line_1_24' title="bbox 305 1706 1636 1757; baseline -0.003 -9"><span class='ocrx_word' id='word_1_194' title='bbox 305 1717 505 1749; x_wconf 85' lang='lat' dir='ltr'>senatores</span> <span class='ocrx_word' id='word_1_195' title='bbox 525 1708 614 1755; x_wconf 89' lang='lat' dir='ltr'>vidi,</span> <span class='ocrx_word' id='word_1_196' title='bbox 639 1707 706 1757; x_wconf 83' lang='lat' dir='ltr'>qui</span> <span class='ocrx_word' id='word_1_197' title='bbox 726 1707 913 1746; x_wconf 85' lang='lat' dir='ltr'>acerrime</span> <span class='ocrx_word' id='word_1_198' title='bbox 935 1721 1025 1745; x_wconf 92' lang='lat' dir='ltr'>cum</span> <span class='ocrx_word' id='word_1_199' title='bbox 1048 1714 1175 1745; x_wconf 86' lang='lat' dir='ltr'>cetera</span> <span class='ocrx_word' id='word_1_200' title='bbox 1192 1714 1274 1745; x_wconf 90' lang='lat' dir='ltr'>turn</span> <span class='ocrx_word' id='word_1_201' title='bbox 1289 1708 1365 1745; x_wconf 93' lang='lat' dir='ltr'>hoc</span> <span class='ocrx_word' id='word_1_202' title='bbox 1385 1706 1456 1744; x_wconf 90' lang='lat' dir='ltr'>iter</span> <span class='ocrx_word' id='word_1_203' title='bbox 1471 1706 1636 1756; x_wconf 88' lang='lat' dir='ltr'>Pompei</span> 
     </span>
     <span class='ocr_line' id='line_1_25' title="bbox 304 1771 1637 1825; baseline -0.002 -12"><span class='ocrx_word' id='word_1_204' title='bbox 304 1775 568 1825; x_wconf 79' lang='lat' dir='ltr'>vituperarent</span> <span class='ocrx_word' id='word_1_205' title='bbox 588 1776 594 1811; x_wconf 83' lang='lat'>1</span> <span class='ocrx_word' id='word_1_206' title='bbox 652 1775 754 1811; x_wconf 91' lang='lat' dir='ltr'>Pace</span> <span class='ocrx_word' id='word_1_207' title='bbox 776 1786 875 1822; x_wconf 91' lang='lat' dir='ltr'>opus</span> <span class='ocrx_word' id='word_1_208' title='bbox 897 1780 965 1811; x_wconf 92' lang='lat' dir='ltr'>est.</span> <span class='ocrx_word' id='word_1_209' title='bbox 1027 1774 1085 1809; x_wconf 87' lang='lat' dir='ltr'>Ex</span> <span class='ocrx_word' id='word_1_210' title='bbox 1102 1771 1263 1810; x_wconf 91' lang='lat' dir='ltr'>victoria</span> <span class='ocrx_word' id='word_1_211' title='bbox 1283 1784 1373 1808; x_wconf 88' lang='lat' dir='ltr'>cum</span> <span class='ocrx_word' id='word_1_212' title='bbox 1391 1773 1513 1809; x_wconf 88' lang='lat' dir='ltr'>multa</span> <span class='ocrx_word' id='word_1_213' title='bbox 1534 1773 1637 1810; x_wconf 82' lang='lat' dir='ltr'>mala</span> 
     </span>
     <span class='ocr_line' id='line_1_26' title="bbox 305 1835 1694 1887; baseline -0.002 -9"><span class='ocrx_word' id='word_1_214' title='bbox 305 1847 389 1878; x_wconf 86' lang='lat' dir='ltr'>tum</span> <span class='ocrx_word' id='word_1_215' title='bbox 414 1847 518 1877; x_wconf 85' lang='lat' dir='ltr'>certe</span> <span class='ocrx_word' id='word_1_216' title='bbox 547 1846 734 1887; x_wconf 88' lang='lat' dir='ltr'>tyrannus</span> <span class='ocrx_word' id='word_1_217' title='bbox 764 1837 931 1876; x_wconf 85' lang='lat' dir='ltr'>exsistet.</span> <span class='ocrx_word' id='word_1_218' title='bbox 993 1837 1071 1875; x_wconf 87' lang='lat' dir='ltr'>Sed</span> <span class='ocrx_word' id='word_1_219' title='bbox 1101 1837 1198 1874; x_wconf 85' lang='lat' dir='ltr'>haec</span> <span class='ocrx_word' id='word_1_220' title='bbox 1227 1835 1457 1886; x_wconf 91' lang='lat' dir='ltr'>propediem</span> <span class='ocrx_word' id='word_1_221' title='bbox 1489 1849 1632 1875; x_wconf 81' lang='lat' dir='ltr'>coram.</span> <span class='ocrx_word' id='word_1_222' title='bbox 1659 1854 1694 1885; x_wconf 84' lang='lat'>25</span> 
     </span>
     <span class='ocr_line' id='line_1_27' title="bbox 307 1900 1636 1954; baseline -0.002 -12"><span class='ocrx_word' id='word_1_223' title='bbox 307 1906 392 1943; x_wconf 89' lang='lat' dir='ltr'>Iam</span> <span class='ocrx_word' id='word_1_224' title='bbox 415 1905 530 1954; x_wconf 84' lang='lat' dir='ltr'>plane</span> <span class='ocrx_word' id='word_1_225' title='bbox 552 1902 648 1940; x_wconf 89' lang='lat' dir='ltr'>mihi</span> <span class='ocrx_word' id='word_1_226' title='bbox 670 1903 780 1941; x_wconf 90' lang='lat' dir='ltr'>deest</span> <span class='ocrx_word' id='word_1_227' title='bbox 804 1903 913 1952; x_wconf 85' lang='lat' dir='ltr'>quod</span> <span class='ocrx_word' id='word_1_228' title='bbox 940 1902 991 1939; x_wconf 89' lang='lat' dir='ltr'>ad</span> <span class='ocrx_word' id='word_1_229' title='bbox 1019 1909 1056 1939; x_wconf 89' lang='lat' dir='ltr'>te</span> <span class='ocrx_word' id='word_1_230' title='bbox 1078 1901 1246 1939; x_wconf 86' lang='lat' dir='ltr'>scribam</span> <span class='ocrx_word' id='word_1_231' title='bbox 1264 1915 1274 1947; x_wconf 88' lang='lat'>;</span> <span class='ocrx_word' id='word_1_232' title='bbox 1304 1914 1377 1938; x_wconf 91' lang='lat' dir='ltr'>nec</span> <span class='ocrx_word' id='word_1_233' title='bbox 1398 1900 1503 1938; x_wconf 86' lang='lat' dir='ltr'>enim</span> <span class='ocrx_word' id='word_1_234' title='bbox 1525 1902 1575 1939; x_wconf 92' lang='lat' dir='ltr'>de</span> <span class='ocrx_word' id='word_1_235' title='bbox 1597 1915 1636 1940; x_wconf 84' lang='lat' dir='ltr'>re</span> 
     </span>
     <span class='ocr_line' id='line_1_28' title="bbox 305 1965 1638 2020; baseline -0.002 -13"><span class='ocrx_word' id='word_1_236' title='bbox 305 1969 464 2020; x_wconf 81' lang='lat' dir='ltr'>publica</span> <span class='ocrx_word' id='word_1_237' title='bbox 498 1969 606 2018; x_wconf 84' lang='lat' dir='ltr'>quod</span> <span class='ocrx_word' id='word_1_238' title='bbox 641 1975 805 2017; x_wconf 84' lang='lat' dir='ltr'>uterque</span> <span class='ocrx_word' id='word_1_239' title='bbox 840 1973 1017 2005; x_wconf 88' lang='lat' dir='ltr'>nostrum</span> <span class='ocrx_word' id='word_1_240' title='bbox 1051 1965 1124 2004; x_wconf 86' lang='lat' dir='ltr'>scit</span> <span class='ocrx_word' id='word_1_241' title='bbox 1158 1966 1309 2013; x_wconf 82' lang='lat' dir='ltr'>eadem,</span> <span class='ocrx_word' id='word_1_242' title='bbox 1346 1972 1385 2003; x_wconf 92' lang='lat' dir='ltr'>et</span> <span class='ocrx_word' id='word_1_243' title='bbox 1418 1965 1638 2005; x_wconf 82' lang='lat' dir='ltr'>domestica</span> 
     </span>
     <span class='ocr_line' id='line_1_29' title="bbox 305 2033 735 2072; baseline -0.005 0"><span class='ocrx_word' id='word_1_244' title='bbox 305 2041 399 2072; x_wconf 84' lang='lat' dir='ltr'>nota</span> <span class='ocrx_word' id='word_1_245' title='bbox 418 2040 509 2071; x_wconf 87' lang='lat' dir='ltr'>sunt</span> <span class='ocrx_word' id='word_1_246' title='bbox 527 2033 735 2071; x_wconf 86' lang='lat' dir='ltr'>ambobus.</span> 
     </span>
    </p>
   </div>
   <div class='ocr_carea' id='block_1_4' title="bbox 277 2135 1638 2437">
    <p class='ocr_par' dir='ltr' id='par_1_7' title="bbox 307 2135 1637 2353">
     <span class='ocr_line' id='line_1_30' title="bbox 349 2135 1637 2176; baseline -0.003 -7"><span class='ocrx_word' id='word_1_247' title='bbox 349 2140 370 2169; x_wconf 90' lang='lat'><strong>6</strong></span> <span class='ocrx_word' id='word_1_248' title='bbox 392 2138 595 2169; x_wconf 80' lang='lat' dir='ltr'>valetudine</span> <span class='ocrx_word' id='word_1_249' title='bbox 623 2137 731 2168; x_wconf 86' lang='lat' dir='ltr'>CNP:</span> <span class='ocrx_word' id='word_1_250' title='bbox 770 2137 1002 2168; x_wconf 78' lang='lat' dir='ltr'>invaletudine</span> <span class='ocrx_word' id='word_1_251' title='bbox 1028 2136 1073 2175; x_wconf 87' lang='lat' dir='ltr'>M,</span> <span class='ocrx_word' id='word_1_252' title='bbox 1105 2136 1143 2176; x_wconf 90' lang='lat' dir='ltr'>cf.</span> <span class='ocrx_word' id='word_1_253' title='bbox 1178 2147 1208 2167; x_wconf 81' lang='lat'>2.</span> <span class='ocrx_word' id='word_1_254' title='bbox 1231 2146 1244 2166; x_wconf 91' lang='lat'>1</span> <span class='ocrx_word' id='word_1_255' title='bbox 1406 2145 1443 2174; x_wconf 85' lang='lat'>13</span> <span class='ocrx_word' id='word_1_256' title='bbox 1470 2135 1637 2166; x_wconf 86' lang='lat' dir='ltr'>Luscenio</span> 
     </span>
     <span class='ocr_line' id='line_1_31' title="bbox 310 2178 1637 2220; baseline -0.004 -7"><span class='ocrx_word' id='word_1_257' title='bbox 310 2182 384 2214; x_wconf 67' lang='lat' dir='ltr'>Vict.</span> <span class='ocrx_word' id='word_1_258' title='bbox 400 2194 405 2213; x_wconf 75' lang='grc' dir='ltr'><strong><em>ε</em></strong></span> <span class='ocrx_word' id='word_1_259' title='bbox 435 2182 605 2220; x_wconf 86' lang='lat' dir='ltr'>Lusgenio</span> <span class='ocrx_word' id='word_1_260' title='bbox 617 2181 675 2210; x_wconf 89' lang='lat' dir='ltr'>M:</span> <span class='ocrx_word' id='word_1_261' title='bbox 701 2181 739 2219; x_wconf 82' lang='lat' dir='ltr'>Q.</span> <span class='ocrx_word' id='word_1_262' title='bbox 759 2181 903 2211; x_wconf 88' lang='lat' dir='ltr'>Lusieno</span> <span class='ocrx_word' id='word_1_263' title='bbox 918 2180 1092 2218; x_wconf 66' lang='lat' dir='ltr'>Corradus,</span> <span class='ocrx_word' id='word_1_264' title='bbox 1107 2180 1145 2218; x_wconf 86' lang='lat' dir='ltr'>cf.</span> <span class='ocrx_word' id='word_1_265' title='bbox 1162 2179 1254 2210; x_wconf 79' lang='lat' dir='ltr'>Varr.</span> <span class='ocrx_word' id='word_1_266' title='bbox 1268 2178 1310 2210; x_wconf 84' lang='lat' dir='ltr'>R.</span> <span class='ocrx_word' id='word_1_267' title='bbox 1325 2179 1365 2209; x_wconf 86' lang='lat' dir='ltr'>R.</span> <span class='ocrx_word' id='word_1_268' title='bbox 1387 2179 1419 2210; x_wconf 89' lang='lat' dir='ltr'>ii.</span> <span class='ocrx_word' id='word_1_269' title='bbox 1440 2188 1459 2217; x_wconf 88' lang='lat'><strong>5</strong></span> <span class='ocrx_word' id='word_1_270' title='bbox 1531 2179 1581 2215; x_wconf 75' lang='lat'>18,</span> <span class='ocrx_word' id='word_1_271' title='bbox 1599 2188 1637 2218; x_wconf 90' lang='lat'>19</span> 
     </span>
     <span class='ocr_line' id='line_1_32' title="bbox 307 2223 1635 2263; baseline -0.004 -6"><span class='ocrx_word' id='word_1_272' title='bbox 307 2226 520 2260; x_wconf 75' lang='lat' dir='ltr'>Pomptinam</span> <span class='ocrx_word' id='word_1_273' title='bbox 546 2235 709 2255; x_wconf 81' lang='lat' dir='ltr'>summam</span> <span class='ocrx_word' id='word_1_274' title='bbox 736 2225 841 2255; x_wconf 74' lang='lat' dir='ltr'>Boot:</span> <span class='ocrx_word' id='word_1_275' title='bbox 878 2224 1074 2263; x_wconf 86' lang='lat' dir='ltr'>pomitinum</span> <span class='ocrx_word' id='word_1_276' title='bbox 1095 2232 1186 2254; x_wconf 73' lang='lat' dir='ltr'>(corr.</span> <span class='ocrx_word' id='word_1_277' title='bbox 1203 2224 1237 2253; x_wconf 76' lang='lat' dir='ltr'>in</span> <span class='ocrx_word' id='word_1_278' title='bbox 1255 2223 1449 2262; x_wconf 88' lang='lat' dir='ltr'>pontinum)</span> <span class='ocrx_word' id='word_1_279' title='bbox 1472 2233 1635 2252; x_wconf 83' lang='lat' dir='ltr'>summam</span> 
     </span>
     <span class='ocr_line' id='line_1_33' title="bbox 307 2266 1635 2306; baseline -0.003 -6"><span class='ocrx_word' id='word_1_280' title='bbox 307 2270 367 2300; x_wconf 87' lang='lat' dir='ltr'>M:</span> <span class='ocrx_word' id='word_1_281' title='bbox 394 2270 573 2300; x_wconf 84' lang='lat' dir='ltr'>Pontinum</span> <span class='ocrx_word' id='word_1_282' title='bbox 601 2279 727 2299; x_wconf 85' lang='lat' dir='ltr'>sumam</span> <span class='ocrx_word' id='word_1_283' title='bbox 754 2267 775 2297; x_wconf 93' lang='lat' dir='ltr'><em>I</em></span> <span class='ocrx_word' id='word_1_284' title='bbox 796 2268 911 2298; x_wconf 72' lang='lat' dir='ltr'>Baiter</span> <span class='ocrx_word' id='word_1_285' title='bbox 937 2267 1047 2297; x_wconf 62' lang='lat' dir='ltr'>{sedis</span> <span class='ocrx_word' id='word_1_286' title='bbox 1065 2267 1282 2306; x_wconf 85' lang='lat' dir='ltr'>Pomptinum</span> <span class='ocrx_word' id='word_1_287' title='bbox 1300 2277 1375 2297; x_wconf 78' lang='lat' dir='ltr'>cnm</span> <span class='ocrx_word' id='word_1_288' title='bbox 1393 2266 1511 2297; x_wconf 53' lang='lat' dir='ltr'>Rom.N</span> <span class='ocrx_word' id='word_1_289' title='bbox 1530 2266 1635 2304; x_wconf 65' lang='lat' dir='ltr'>:sorL</span> 
     </span>
     <span class='ocr_line' id='line_1_34' title="bbox 308 2310 1637 2353; baseline -0.004 -10"><span class='ocrx_word' id='word_1_290' title='bbox 308 2314 479 2353; x_wconf 85' lang='lat' dir='ltr'>Pomptini</span> <span class='ocrx_word' id='word_1_291' title='bbox 510 2314 542 2343; x_wconf 87' lang='lat' dir='ltr'>in</span> <span class='ocrx_word' id='word_1_292' title='bbox 573 2312 727 2343; x_wconf 87' lang='lat' dir='ltr'>Setinum</span> <span class='ocrx_word' id='word_1_293' title='bbox 919 2321 955 2349; x_wconf 91' lang='lat'>19</span> <span class='ocrx_word' id='word_1_294' title='bbox 981 2312 1013 2341; x_wconf 86' lang='lat' dir='ltr'>in</span> <span class='ocrx_word' id='word_1_295' title='bbox 1039 2310 1113 2341; x_wconf 75' lang='lat' dir='ltr'>add.</span> <span class='ocrx_word' id='word_1_296' title='bbox 1147 2310 1232 2340; x_wconf 82' lang='lat' dir='ltr'>Boot</span> <span class='ocrx_word' id='word_1_297' title='bbox 1407 2320 1448 2339; x_wconf 83' lang='lat'>22</span> <span class='ocrx_word' id='word_1_298' title='bbox 1474 2314 1637 2348; x_wconf 79' lang='lat' dir='ltr'>putantur</span> 
     </span>
    </p>

    <p class='ocr_par' dir='ltr' id='par_1_8' title="bbox 277 2352 1638 2437">
     <span class='ocr_line' id='line_1_35' title="bbox 277 2352 1638 2397; baseline -0.004 -10"><span class='ocrx_word' id='word_1_299' title='bbox 277 2361 281 2365; x_wconf 89' lang='lat'>&#39;</span> <span class='ocrx_word' id='word_1_300' title='bbox 308 2357 435 2393; x_wconf 69' lang='lat' dir='ltr'>Mmler,</span> <span class='ocrx_word' id='word_1_301' title='bbox 455 2357 490 2397; x_wconf 62' lang='lat' dir='ltr'>ff.</span> <span class='ocrx_word' id='word_1_302' title='bbox 516 2367 542 2395; x_wconf 89' lang='lat'>7.</span> <span class='ocrx_word' id='word_1_303' title='bbox 564 2365 603 2394; x_wconf 86' lang='lat'>5:</span> <span class='ocrx_word' id='word_1_304' title='bbox 642 2359 762 2394; x_wconf 86' lang='lat' dir='ltr'>putant</span> <span class='ocrx_word' id='word_1_305' title='bbox 787 2354 846 2384; x_wconf 87' lang='lat' dir='ltr'>M:</span> <span class='ocrx_word' id='word_1_306' title='bbox 882 2355 994 2393; x_wconf 84' lang='lat' dir='ltr'>putavi</span> <span class='ocrx_word' id='word_1_307' title='bbox 1022 2354 1136 2385; x_wconf 62' lang='lat' dir='ltr'>Mam:</span> <span class='ocrx_word' id='word_1_308' title='bbox 1171 2358 1325 2393; x_wconf 79' lang='lat' dir='ltr'>putaram</span> <span class='ocrx_word' id='word_1_309' title='bbox 1348 2354 1426 2384; x_wconf 73' lang='lat' dir='ltr'>(oni.</span> <span class='ocrx_word' id='word_1_310' title='bbox 1447 2352 1638 2392; x_wconf 78' lang='lat' dir='ltr'>lVesenbcrg</span> 
     </span>
     <span class='ocr_line' id='line_1_36' title="bbox 308 2397 1332 2437; baseline -0.003 -6"><span class='ocrx_word' id='word_1_311' title='bbox 308 2401 524 2431; x_wconf 84' lang='lat' dir='ltr'>consentiunt</span> <span class='ocrx_word' id='word_1_312' title='bbox 548 2410 611 2430; x_wconf 82' lang='lat' dir='ltr'>om.</span> <span class='ocrx_word' id='word_1_313' title='bbox 634 2398 688 2428; x_wconf 85' lang='lat' dir='ltr'>M¹</span> <span class='ocrx_word' id='word_1_314' title='bbox 823 2408 864 2437; x_wconf 81' lang='lat'>25</span> <span class='ocrx_word' id='word_1_315' title='bbox 889 2398 1044 2437; x_wconf 80' lang='lat' dir='ltr'>tyrannis</span> <span class='ocrx_word' id='word_1_316' title='bbox 1069 2397 1090 2427; x_wconf 93' lang='lat' dir='ltr'><em>I</em></span> <span class='ocrx_word' id='word_1_317' title='bbox 1105 2397 1194 2428; x_wconf 79' lang='lat' dir='ltr'>Crat.</span> <span class='ocrx_word' id='word_1_318' title='bbox 1213 2397 1332 2428; x_wconf 80' lang='lat' dir='ltr'>Lamb.</span> 
     </span>
    </p>
   </div>
  </div>
 </body>
</html>
