1817 2832
653 113 767 151 EPP.
798 113 880 151 AD
908 112 1171 152 ATTICVM
1222 137 1226 141 -
1486 112 1581 151 VII.
1599 113 1645 149 iii

234 222 268 262 si
286 225 408 263 modo
427 237 497 274 per
515 237 597 264 rem
617 224 817 275 publicam
836 224 978 271 licebit,
997 238 1078 263 non
1093 224 1367 264 accusabimur
1381 225 1557 275 posthae,

234 302 364 339 neque
383 290 543 328 hercule
562 298 680 329 antea
697 291 948 340 neglegentes
971 289 1117 328 fuimus
1137 291 1207 328 sed
1227 289 1444 328 amicorum
1465 291 1562 328 mul<

234 353 403 393 titudine
431 354 623 405 occupati.
683 356 788 405 Ergo
816 362 981 401 utemur,
1003 362 1046 392 ut
1074 353 1279 404 polliceris,
1308 361 1347 392 et
1375 367 1494 403 opera
1522 361 1561 392 et

233 419 399 458 consilio
429 428 498 458 tuo
527 433 602 458 nec
629 419 701 458 tibi
729 419 884 466 erimus,
907 427 949 457 ut
979 433 1103 469 spero,
1132 419 1172 457 in
1199 432 1247 457 eo
1274 418 1439 457 molesti.
1499 420 1562 457 De
1583 419 1606 456 8

196 499 214 531 5
234 484 479 534 serperastris
497 484 672 524 cohortis
692 498 804 523 meae
823 483 920 522 nihil
939 491 998 522 est
1018 485 1127 533 quod
1148 484 1293 522 doleas.
1354 482 1435 533 Ipsi
1456 482 1561 521 enim

237 562 279 587 se
299 551 553 600 conlegerunt
572 549 832 588 admiratione
853 548 1082 598 integritatis
1109 562 1230 586 meae.
1290 548 1368 586 Sed
1393 561 1456 586 me
1482 560 1563 585 mo-

233 621 340 652 verat
360 626 479 651 nemo
499 612 621 664 magis
642 626 761 663 quam
780 612 813 651 is
832 627 951 663 quern
976 621 1018 651 tu
1042 613 1242 651 neminem
1262 620 1386 662 putas.
1447 613 1562 651 Idem

233 686 272 717 et
292 677 405 717 initio
426 679 549 717 fuerat
569 685 608 717 et
627 691 733 716 nunc
753 691 812 717 est
831 678 1017 728 egregius.
1077 679 1155 716 Sed
1175 677 1215 716 in
1236 677 1319 728 ipsa
1332 677 1563 716 decessione

235 742 465 793 significavit
485 756 660 793 sperasse
676 756 716 782 se
736 742 885 793 aliquid
905 751 943 781 et
963 742 1004 781 id
1024 743 1133 793 quod
1153 742 1329 780 animum
1358 741 1563 780 induxerat

178 820 218 844 10
235 808 432 858 paulisper
457 822 538 846 non
565 807 690 846 tenuit
709 809 780 846 sed
805 807 884 846 cito
909 808 961 846 ad
988 820 1029 846 se
1049 807 1164 845 rediit
1183 806 1360 856 meisque
1380 806 1563 845 honorifi-

235 872 470 912 centissimis
491 887 580 924 erga
595 887 636 912 se
652 872 789 912 officiis
804 872 930 911 victus
950 872 1069 924 pluris
1086 885 1132 910 ea
1145 871 1256 911 duxit
1269 885 1387 922 quam
1401 885 1561 910 omnem

234 938 455 989 pecuniam.

289 1004 375 1053 Ego
394 1016 418 1041 a
438 1003 558 1043 Curio
578 1003 731 1042 tabulas
752 1002 887 1053 accepi
908 1016 1005 1053 quas
1025 1016 1182 1041 mecum
1203 1010 1328 1052 porto.
1370 1001 1561 1040 Hortensi
1582 1008 1610 1045 9

234 1068 361 1118 legata
381 1067 558 1118 cognovi.
618 1071 656 1108 N
659 1082 737 1106 unc
757 1081 855 1107 aveo
869 1067 966 1106 scire
983 1067 1078 1117 quid
1095 1066 1268 1106 hominis
1282 1067 1330 1104 sit
1345 1075 1383 1105 et
1397 1079 1562 1116 quarum

178 1143 215 1176 15
235 1145 362 1170 rerum
388 1131 614 1170 auctionem
640 1131 844 1170 instituat(
886 1131 1034 1170 Nescio
1058 1131 1163 1169 enim
1190 1145 1268 1178 cur,
1291 1144 1382 1169 cum
1408 1138 1561 1180 portam

235 1198 536 1235 Flumentanam
571 1196 729 1236 Caelius
759 1196 971 1247 occuparit,
1007 1208 1080 1247 ego
1115 1196 1300 1234 Puteolos
1332 1207 1414 1233 non
1452 1207 1561 1232 meos

233 1260 384 1299 faciam.

287 1325 417 1364 Venio
449 1327 500 1365 ad
538 1325 742 1374 ‘Piraeea,'
767 1325 808 1364 in
837 1339 917 1376 quo
941 1325 1063 1376 magis
1096 1325 1445 1376 reprehendendus
1474 1338 1561 1363 sum
1581 1332 1627 1360 10

234 1392 343 1440 quod
373 1392 494 1429 homo
522 1393 728 1430 Romanus
752 1391 955 1430 ‘Piraeea’
977 1391 1207 1441 scripserim,
1229 1404 1311 1429 non
1334 1394 1342 1410 ‘
1359 1390 1562 1428 Piraeum'

177 1473 217 1496 20
236 1454 309 1506 (sic
338 1455 444 1493 enim
474 1469 611 1495 ornnes
631 1456 754 1495 nostri
780 1456 901 1495 locuti
928 1457 1047 1507 sunt),
1071 1469 1189 1506 quam
1212 1456 1321 1505 quod
1340 1454 1561 1494 addiderim

237 1521 323 1558 ‘in.'
380 1522 473 1559 Non
493 1520 599 1559 enim
619 1522 696 1559 hoc
722 1529 765 1559 ut
793 1521 942 1570 oppido
966 1520 1174 1571 praeposui
1200 1521 1270 1558 sed
1291 1527 1333 1558 ut
1352 1521 1451 1557 loco.
1511 1521 1562 1557 Et

235 1592 367 1623 tamen
400 1585 614 1635 Dionysius
644 1593 777 1624 noster
805 1593 843 1624 et
873 1585 941 1635 qui
970 1593 1028 1623 est
1057 1585 1267 1623 nobiscum
1297 1583 1431 1622 Nicias
1453 1584 1562 1623 Cous

234 1662 315 1686 non
354 1649 510 1687 rebatur
548 1649 740 1699 oppidum
780 1663 864 1688 esse
899 1649 1069 1688 Piraeea.
1130 1650 1209 1687 Sed
1247 1650 1297 1686 de
1335 1661 1375 1686 re
1413 1647 1558 1686 videro.

235 1714 425 1752 Nostrum
446 1714 607 1764 quidem
628 1714 659 1752 si
680 1722 737 1753 est
757 1722 976 1765 peccatum,
998 1714 1040 1752 in
1063 1727 1111 1752 eo
1140 1721 1199 1752 est
1219 1714 1327 1763 quod
1348 1725 1429 1751 non
1449 1720 1491 1750 ut
1511 1713 1561 1750 de

177 1788 216 1820 25
237 1778 384 1828 oppido
414 1780 568 1817 locutus
597 1792 684 1817 sum
714 1780 784 1818 sed
813 1787 856 1818 ut
885 1781 935 1818 de
964 1781 1053 1818 loco
1091 1786 1328 1828 secutusque
1359 1790 1446 1815 sum
1480 1790 1561 1816 non

235 1842 326 1881 dico
347 1842 574 1890 Caecilium,

505 1908 650 1947 ‘Mane
678 1915 721 1946 ut
750 1922 796 1947 ex
824 1916 939 1959 portu
968 1909 1009 1946 in
1038 1908 1243 1946 Piraeum'

237 1970 379 2022 (malus
413 1971 518 2010 enim
551 1980 688 2010 auctor
719 1972 939 2010 Latinitatis
968 1972 1054 2024 est),
1085 1973 1155 2010 sed
1186 1971 1416 2011 Terentium
1451 1972 1561 2010 cuius

279 2083 298 2113 5
323 2074 534 2113 serpirastris
561 2073 680 2105 OPMs
767 2079 819 2105 est
843 2074 919 2105 M²z
944 2086 998 2105 om
1025 2074 1112 2105 codd.
1276 2086 1293 2114 7
1320 2076 1488 2106 neminem
1511 2075 1560 2105 Α-

235 2117 456 2157 scens1·us<ed.
476 2122 511 2158 2)
528 2128 534 2147 ε
560 2128 659 2148 nemo
682 2117 770 2149 codd.
876 2128 919 2149 20
941 2118 1056 2157 quam]
1074 2129 1149 2148 cum
1165 2116 1267 2149 NO¹2
1292 2120 1344 2149 eui
1366 2118 1417 2147 Μι
1523 2129 1560 2148 21

240 2161 313 2191 ‘in'
338 2160 390 2190 N:
427 2171 492 2192 om.
527 2160 641 2192 codd.:
680 2165 755 2202 post
783 2171 882 2200 quam
910 2161 985 2192 add.
1013 2161 1168 2191 Buclzeler
1406 2160 1464 2202 Et]
1490 2161 1562 2192 Etsi

236 2204 314 2234 coni.
336 2203 457 2233 Mz'iller
729 2213 770 2241 23
796 2203 878 2243 non]
907 2214 996 2242 noen
1022 2204 1094 2233 M¹s
1120 2205 1155 2244 (e
1175 2208 1295 2244 puncto
1318 2204 1457 2236 deletum
1481 2211 1563 2241 esti:

238 2258 351 2277 noenu
372 2245 425 2275 Μ3
448 2247 484 2284 (i.
496 2257 519 2277 e.
542 2246 668 2276 Niccolo
689 2246 839 2283 NiccoliN,
865 2246 901 2284 cfi
924 2246 961 2276 O.
970 2246 1009 2275 E.
1027 2246 1178 2276 Schmidt
1200 2247 1281 2277 ‘Die
1299 2248 1565 2288 lmndsdm'fllclze

241 2288 515 2329 Ueberlt'aflrung'
535 2295 568 2329 p.
590 2291 640 2328 68,
668 2289 758 2319 Neue
784 2289 1046 2319 ‘Formenlehre’
1072 2290 1118 2320 ii³.
1146 2292 1205 2328 581
1356 2302 1391 2322 re
1416 2303 1505 2332 φας.
1533 2292 1560 2322 L

238 2334 376 2372 (marg.)
394 2343 419 2370 s,
440 2333 473 2362 in
495 2332 534 2361 M
554 2338 655 2373 supra
678 2333 734 2364 lin.
753 2344 760 2362 :
791 2343 849 2362 reo
866 2332 1016 2362 ΝΟΡᾸΗι
1033 2344 1040 2363 t
1073 2344 1112 2364 eo
1129 2333 1183 2363 M*
1202 2333 1412 2375 lVese11be7g:
1443 2346 1506 2366 eoo
1523 2336 1561 2366 I:

238 2387 274 2407 re
292 2386 354 2415 ego
372 2375 449 2406 com'.
469 2375 555 2406 Reid
684 2386 724 2415 25
749 2386 817 2406 non
836 2376 911 2407 dico
925 2386 991 2407 om.
1008 2376 1048 2406 Μ
1054 2376 1063 2393 ¹

1418 2432 1477 2462 14*
