1817 2832
154 118 273 156 VIII.
298 117 343 154 xi
363 128 387 157 c
676 117 734 156 M.
766 115 936 155 TVLLI
967 115 1275 156 CICERONIS

953 262 998 302 C.

642 365 713 398 Ser.
737 366 901 398 Canusix
914 366 959 398 K.
979 364 1081 398 Mart.
1102 377 1132 397 a.
1154 375 1209 406 705
1226 365 1312 407 (49).

422 449 493 483 CN.
523 449 717 482 MAGNVS
744 450 945 481 PROCOS.
972 450 1005 481 S.
1033 450 1074 480 D.
1101 448 1146 480 M.
1172 448 1397 480 CICERONI
1425 448 1517 481 IMP.

357 523 394 561 S.
436 523 483 561 V.
526 523 569 561 B.
613 525 657 561 E.
716 524 823 560 Tuas
862 522 1008 561 litteras
1047 520 1216 560 libenter
1251 521 1336 571 legi.
1408 520 1639 571 Recognovi

303 586 410 626 enim
445 595 553 625 tuam
587 586 791 638 pristinam
825 587 1008 625 virtutem
1043 586 1160 625 etiam
1193 586 1233 624 in
1267 587 1391 624 salute
1422 585 1637 624 communi.
1660 597 1679 631 5

304 653 499 692 Consules
519 652 571 690 ad
592 666 682 690 eum
704 650 916 691 exercitum
938 665 1056 702 quem
1078 650 1117 689 in
1138 651 1283 702 Apulia
1298 650 1419 690 habui
1436 658 1637 690 venerunt.

303 718 456 767 Magno
477 730 596 767 opere
616 725 653 755 te
675 717 808 756 hortor
828 731 899 768 pro
920 725 988 755 tuo
1009 716 1192 767 singulari
1217 724 1487 767 perpetuoque
1508 715 1640 756 studio

301 781 342 820 in
372 796 454 821 rem
483 782 684 833 publicam
715 790 756 821 ut
787 790 824 821 te
853 783 904 821 ad
934 796 1006 821 nos
1036 783 1224 829 conferas,
1248 789 1290 820 ut
1320 781 1523 820 communi
1550 795 1641 820 con-

303 847 390 886 silio
425 847 479 886 rei
513 847 695 898 publicae
726 847 907 886 adflictae
942 861 1059 898 opem
1091 855 1209 897 atque
1238 846 1425 884 auxilium
1457 848 1637 885 seramus.

303 913 461 952 Censeo
481 911 543 950 via
562 913 693 963 Appia
713 911 784 951 iter
805 912 923 951 facias
944 920 982 951 et
1003 911 1180 951 celeriter
1200 911 1454 950 Brundisium
1474 911 1619 950 venias.
1662 922 1700 945 10

948 1078 998 1116 D.

576 1180 646 1214 Ser.
668 1181 702 1212 z'n
720 1180 901 1212 Formiano
918 1180 955 1211 1'1‘1'
968 1179 1012 1212 K.
1030 1180 1132 1212 stlat-l.
1154 1192 1184 1211 a.
1206 1190 1260 1221 705
1279 1181 1365 1222 (49).

463 1263 510 1296 M.
535 1263 711 1295 CICERO
739 1264 832 1295 IMP.
859 1263 894 1295 S.
922 1263 961 1294 D.
989 1263 1060 1294 CN.
1089 1263 1258 1294 MAGNO
1285 1263 1483 1295 PROCOS.

270 1354 288 1381 1
361 1341 465 1381 Cum
494 1342 545 1380 ad
579 1349 617 1380 te
648 1341 794 1380 litteras
828 1340 1022 1379 misissem
1052 1354 1154 1391 quae
1182 1340 1253 1379 tibi
1284 1341 1432 1380 Canusi
1465 1341 1641 1380 redditae

307 1414 408 1453 sunt,
441 1406 707 1456 suspicionem
742 1407 890 1444 nullam
925 1406 1122 1459 habebam
1157 1413 1195 1444 te
1224 1405 1278 1444 rei
1312 1406 1493 1456 publicae
1524 1420 1642 1445 causa
1664 1421 1702 1455 15

307 1484 413 1509 mare
439 1471 690 1509 transiturum
721 1483 906 1521 eramque
936 1471 975 1508 in
1006 1484 1075 1521 spe
1105 1484 1247 1521 magna
1275 1472 1357 1510 fore
1387 1479 1429 1510 ut
1458 1471 1497 1509 in
1529 1471 1643 1510 Italia

306 1548 512 1585 possemus
542 1544 609 1574 aut
638 1536 892 1574 concordiam
922 1535 1170 1582 constituere,
1204 1549 1282 1585 qua
1311 1536 1406 1574 mihi
1441 1536 1538 1574 nihil
1572 1536 1643 1574 uti-

307 1600 380 1637 lius
416 1600 631 1647 videbatur,
665 1609 732 1638 aut
771 1615 851 1638 rem
890 1600 1090 1650 publicam
1131 1614 1285 1639 summa
1323 1615 1413 1639 cum
1453 1601 1642 1651 dignitate

307 1665 530 1703 defendere.
592 1665 754 1703 Interim
783 1666 962 1703 nondum
993 1664 1090 1703 meis
1117 1665 1252 1703 litteris
1279 1666 1329 1704 ad
1357 1673 1394 1704 te
1414 1666 1571 1716 perlatis
1596 1679 1642 1705 ex

308 1728 353 1766 iis
386 1729 581 1767 mandatis
619 1743 721 1779 quae
754 1732 801 1768 D.
836 1729 970 1767 Laelio
1001 1731 1053 1768 ad
1085 1731 1267 1768 consules
1303 1731 1468 1768 dederas
1503 1730 1643 1769 certior
1666 1745 1702 1767 20

307 1794 363 1832 tui
395 1795 534 1833 consili
566 1796 690 1833 factus
730 1808 810 1833 non
849 1795 1069 1846 exspectavi
1104 1796 1200 1833 dum
1236 1795 1332 1833 mihi
1365 1809 1388 1834 a
1421 1803 1459 1834 te
1493 1796 1642 1835 litterae

307 1860 573 1908 redderentur,
597 1860 884 1910 confestimque
905 1874 995 1899 cum
1024 1861 1177 1910 Quinto
1204 1863 1317 1900 fratre
1338 1870 1375 1900 et
1397 1875 1486 1900 cum
1512 1861 1643 1901 liberis

265 1937 291 1964 2
310 1925 451 1962 nostris
478 1925 550 1963 iter
575 1927 625 1963 ad
653 1933 690 1964 te
720 1925 760 1963 in
786 1926 971 1975 Apuliam
1000 1927 1126 1964 facere
1153 1926 1277 1976 coepi.
1337 1928 1440 1965 Cum
1461 1928 1642 1964 Teanum

308 1990 528 2028 Sidicinum
556 1990 761 2037 venissem,
794 1992 837 2030 C.
864 1991 1033 2029 Messius
1066 1991 1263 2029 familiaris
1298 1998 1386 2029 tuus
1419 1991 1514 2029 mihi
1545 1991 1642 2029 dixit

308 2055 453 2105 aliique
495 2058 716 2106 complures
755 2058 964 2095 Caesarem
1005 2056 1075 2094 iter
1113 2056 1257 2095 habere
1296 2058 1475 2106 Capuam
1517 2064 1555 2095 et
1593 2070 1641 2096 eo
1664 2069 1701 2102 25

309 2120 396 2170 ipso
424 2120 488 2158 die
515 2135 742 2159 mansurum
774 2135 859 2160 esse
888 2121 1108 2159 Aeserniae.
1169 2123 1271 2159 Sane
1300 2135 1387 2159 sum
1417 2129 1641 2160 commotus

310 2186 429 2235 quod,
463 2185 493 2223 si
524 2185 577 2223 ita
605 2193 717 2233 esset,
750 2200 830 2224 non
864 2187 985 2224 modo
1020 2185 1090 2224 iter
1122 2199 1254 2224 meum
1286 2186 1540 2224 interclusum
1571 2187 1641 2224 sed

311 2265 373 2289 me
408 2251 536 2301 ipsum
569 2252 685 2301 plane
717 2258 923 2301 exceptum
959 2251 1158 2300 putabam.
1231 2252 1370 2301 Itaque
1409 2258 1492 2289 tum
1526 2252 1641 2290 Cales

353 2361 372 2388 4
398 2359 424 2381 S.
439 2359 470 2381 V.
487 2359 517 2381 Β.
533 2359 559 2380 Ε.
582 2350 687 2390 vulg:
712 2350 773 2380 sub
792 2349 865 2380 M1:
892 2360 957 2379 om.
980 2349 1032 2379 Μ2
1161 2360 1197 2388 14
1223 2350 1386 2380 misissem
1405 2349 1452 2388 M,
1472 2350 1508 2389 cf.
1530 2349 1639 2389 16fin.

313 2394 517 2435 (audissem)
534 2405 541 2424 ι
566 2394 640 2424 misi
659 2404 716 2425 eas
733 2404 811 2424 com.
835 2393 861 2422 ll
871 2393 1023 2434 'esenbeig
1151 2404 1192 2432 24
1219 2394 1302 2424 dixit
1322 2394 1368 2424 C:
1392 2404 1458 2424 om.
1480 2392 1521 2422 M
