1817 2832
680 550 850 588 LIBER
879 549 1086 588 SEXTVS

635 659 737 706 AD
789 658 1126 706 ATTICVM

260 777 284 811 I
516 779 586 813 Scr.
606 780 780 811 Laodiceae
795 780 829 811 vi
841 780 884 810 K.
901 780 1000 811 Mart.
1021 790 1052 810 a.
1075 789 1135 819 704
1154 778 1241 819 (50).

636 851 809 882 CICERO
833 851 1003 882 ATTICO
1030 850 1128 882 SAL.

271 924 426 961 ACCEPI
448 930 534 961 tuas
555 923 699 961 litteras
723 937 755 961 a.
779 925 815 962 d.
839 923 1019 973 quintum
1035 921 1276 961 Terminalia
1296 920 1517 960 Laodiceae
1533 935 1542 967 3
1560 936 1578 964 1

218 1002 314 1038 quas
334 988 409 1037 legi
429 988 687 1027 libentissime
707 988 953 1038 plenissimas
972 987 1126 1034 amoris,
1146 985 1411 1033 humanitatis,
1427 985 1542 1032 offici,

181 1069 197 1099 5
218 1053 453 1103 diligentiae.
513 1052 566 1091 Iis
596 1052 710 1102 igitur
736 1053 986 1102 respondebo
1011 1066 1085 1089 non
1106 1053 1248 1102 χρύσεα
1270 1052 1452 1102 χαλκείων
1472 1050 1545 1101 (sic

217 1118 321 1156 enim
343 1116 535 1167 postulas)
556 1130 629 1155 nec
654 1119 863 1166 οἰκονομίαν
882 1130 1011 1154 meam
1036 1116 1249 1162 instituam,
1272 1117 1342 1154 sed
1366 1115 1546 1154 ordinem

216 1183 459 1221 conservabo
489 1190 611 1220 tuum.
672 1182 978 1221 Recentissimas
1008 1195 1032 1219 a
1062 1180 1251 1230 Cybistris
1282 1188 1319 1219 te
1354 1193 1460 1218 meas
1491 1179 1548 1217 lit-

217 1256 317 1286 teras
338 1248 483 1285 habere
504 1247 561 1285 ais
581 1261 614 1285 a.
633 1249 669 1286 d.
693 1259 736 1284 xl
760 1248 961 1285 Kalendas
976 1245 1160 1285 Octobris
1182 1247 1292 1284 datas
1313 1252 1352 1283 et
1372 1245 1469 1282 scire
1489 1244 1545 1281 vis

219 1321 304 1351 tuas
331 1327 404 1364 ego
432 1327 528 1363 quas
554 1312 785 1362 acceperim.
844 1311 984 1350 Omnis
1015 1313 1093 1349 fere
1121 1324 1217 1360 quas
1245 1322 1543 1357 commemoras,

161 1392 199 1413 10
219 1386 370 1427 praeter
403 1392 468 1416 eas
503 1391 600 1427 quas
639 1377 774 1415 scribis
807 1377 964 1415 Lentuli
997 1375 1126 1426 pueris
1161 1383 1199 1413 et
1231 1375 1474 1425 Equotutico
1507 1382 1545 1412 et

220 1443 431 1480 Brundisio
461 1444 583 1481 datas.
648 1443 739 1490 Qua
771 1455 811 1479 re
845 1455 925 1479 non
956 1442 1094 1492 οἴχεται
1125 1448 1191 1478 tua
1220 1439 1410 1478 industria
1437 1441 1545 1489 quod

218 1507 359 1546 vereris
395 1509 464 1547 sed
496 1509 692 1558 praeclare
723 1507 891 1557 ponitur,
924 1506 955 1544 si
986 1506 1147 1556 quidem
1182 1505 1223 1543 id
1254 1504 1365 1554 egisti
1399 1512 1441 1542 ut
1472 1518 1544 1554 ego

219 1573 441 1611 delectarer.
503 1574 607 1610 Nam
629 1573 736 1610 nulla
756 1585 795 1610 re
817 1585 902 1609 sum
924 1572 1140 1609 delectatus
1162 1569 1294 1619 magis.

273 1638 394 1685 Quod
416 1650 545 1675 meam
565 1638 760 1686 βαθύτητα
781 1636 820 1673 in
836 1635 968 1686 Appio
984 1635 1066 1682 tibi,
1082 1634 1353 1673 liberalitatem
1370 1633 1488 1672 etiam
1504 1633 1544 1671 in
1563 1639 1588 1667 2

163 1719 198 1750 15
220 1704 341 1741 Bruto
365 1702 504 1752 probo,
524 1704 778 1741 vehementer
803 1702 980 1751 gaudeo3
1009 1713 1054 1738 ac
1075 1707 1254 1750 putaram
1278 1699 1396 1748 paulo
1420 1711 1542 1737 secus.

218 1767 371 1818 Appius
405 1767 511 1806 enim
544 1769 595 1806 ad
630 1781 693 1806 me
728 1781 775 1805 ex
808 1766 946 1804 itinere
977 1765 1036 1803 bis
1071 1772 1176 1803 terve
1207 1765 1547 1814 ὕπομεμψιμοίρους

219 1833 364 1871 litteras
388 1833 545 1871 miserat
566 1834 673 1883 quod
695 1833 890 1882 quaedam
914 1845 937 1869 a
957 1844 998 1869 se
1025 1829 1238 1869 constituta
1269 1829 1542 1867 rescinderem.

220 1899 273 1935 Vt
297 1897 328 1936 si
355 1898 544 1945 medicus,
567 1912 657 1936 cum
687 1905 868 1947 aegrotus
894 1896 959 1934 alii
986 1895 1143 1934 medico
1167 1894 1331 1933 traditus
1353 1894 1411 1941 sit,
1434 1894 1545 1933 irasci

220 1962 311 2001 velit
331 1962 366 2001 ei
394 1962 550 2001 medico
577 1963 644 2012 qui
671 1962 744 2000 sibi
771 1960 999 2000 successerit
1026 1960 1057 1998 si
1078 1973 1180 2010 quae
1200 1959 1283 2010 ipse
1304 1959 1343 1997 in
1371 1961 1546 1997 curando

162 2023 206 2065 20'
221 2027 465 2066 constituerit
495 2035 619 2066 mutet
648 2027 722 2075 ille,
749 2026 803 2064 sic
827 2025 992 2076 Appius,
1017 2039 1107 2063 cum
1137 2027 1178 2071 ἐξ
1205 2025 1434 2075 ἀφαιρέσεως
1463 2037 1547 2074 pro-

220 2093 389 2131 vinciam
423 2092 575 2139 curarit,
604 2091 832 2141 sanguinem
863 2090 1022 2138 miserit,
1048 2090 1238 2140 quicquid
1268 2089 1395 2140 potuit
1424 2090 1548 2128 detra-

221 2158 329 2206 xerit,
350 2157 446 2195 mihi
466 2156 668 2195 tradiderit
687 2164 877 2202 enectam,
900 2156 1303 2205 προσανατρεφομένην
1325 2168 1413 2193 eam
1436 2167 1460 2192 a
1484 2167 1547 2192 me

264 2273 282 2300 3
306 2260 510 2291 Terminalia
543 2258 609 2290 CZl
639 2258 728 2290 codd.
762 2257 863 2288 Bosi:
888 2263 942 2288 ter
973 2259 1061 2289 milia
1093 2261 1147 2289 ΣΔ
1319 2268 1339 2297 5
1365 2268 1433 2287 non
1465 2256 1542 2288 add.

226 2304 416 2345 I‘Vcsenberg
502 2302 624 2342 χρύσεα
637 2301 796 2341 χαλκείων
808 2301 884 2332 add.
902 2302 928 2331 L
947 2302 1089 2342 (marg.)
1107 2302 1144 2340 ch
1162 2304 1177 2338 ξ
1193 2312 1234 2332 22
1337 2302 1357 2331 6
1383 2311 1444 2331 nec
1464 2302 1547 2331 οἶκο-

220 2348 332 2385 νομίαν
347 2372 355 2379 .
377 2370 385 2378 .
402 2371 409 2378 .
430 2347 529 2386 paulo
547 2356 645 2376 secus
671 2346 706 2387 (l.
730 2348 781 2384 15l
806 2355 870 2375 om.
891 2344 980 2375 EHrr
1132 2345 1152 2374 8
1177 2355 1211 2375 xi
1237 2344 1385 2379 Schiche:
1412 2354 1433 2375 x
1458 2344 1544 2374 codd.

227 2402 262 2430 14
284 2392 378 2431 prius
390 2391 422 2421 in
434 2390 501 2421 secl.
520 2389 641 2428 Tyrrell
704 2388 893 2420 libertatem
909 2387 984 2419 Vici.
1077 2398 1114 2428 15
1140 2388 1238 2428 paulo
1256 2392 1279 2420 Σ
1298 2388 1387 2419 Crat.
1406 2399 1412 2418 :
1437 2398 1503 2419 om.
1519 2393 1546 2418 Δ
