1817 2832
200 97 317 134 VIII.
341 107 373 133 V
674 95 757 132 .M.
790 94 958 131 TVLLI
990 92 1297 132 CICERONIS

365 199 407 234 V
594 201 665 233 Ser.
685 201 718 232 z'n
736 201 917 231 Formiano
932 201 978 231 vii
990 201 1033 232 K.
1054 200 1153 232 Mart.
1173 211 1203 232 a.
1225 212 1280 241 705
1299 201 1386 243 (49).

727 273 900 303 CICERO
931 273 1110 303 ATTICO
1139 271 1250 304 SAL.

288 353 305 380 Ι
384 347 488 386 Cum
526 353 617 384 ante
655 347 785 384 lucem
817 358 890 383 vlu
925 346 1012 383 Kal.
1047 345 1192 384 litteras
1230 347 1281 384 ad
1320 353 1358 384 te
1389 347 1432 384 de
1464 346 1657 397 Dionysio

322 411 533 458 dedissem,
560 411 711 461 vesperi
741 412 792 449 ad
824 424 896 449 nos
925 412 1068 449 eodem
1098 410 1163 449 die
1192 411 1298 449 venit
1327 411 1411 462 ipse
1442 412 1655 462 Dionysius

321 476 553 514 auctoritate
587 484 653 514 tua
684 484 896 526 permotus,
933 484 975 514 ut
1009 475 1209 525 suspicor3
1248 476 1344 525 quid
1378 476 1483 514 enim
1519 485 1654 526 putem
1674 487 1692 520 5

322 541 460 579 aliud?
509 540 592 579 Etsi
617 543 715 579 solet
736 555 840 589 eum,
861 555 952 579 cum
979 540 1128 590 aliquid
1155 541 1298 579 furiose
1319 541 1421 588 fecit,
1443 541 1652 591 paenitere.

324 608 555 656 Numquam
579 614 712 645 autem
739 606 912 644 cerritior
932 606 1003 643 fuit
1024 620 1143 655 quarn
1164 605 1203 643 in
1225 607 1301 644 hoc
1322 606 1491 656 negotio.
1552 608 1657 644 Nam

324 673 432 722 quod
460 674 510 711 ad
539 679 576 710 te
602 686 684 710 non
714 672 954 722 scripseram,
978 679 1116 722 postea
1140 671 1274 710 audivi
1300 685 1323 709 a
1349 671 1464 709 tertio
1491 671 1656 710 miliario

324 745 408 775 tum
430 751 519 775 eum
542 737 617 776 isse

523 805 650 841 πολλὰ
678 804 799 853 μάτην
828 803 1025 853 κεράεσσιν
1053 805 1089 843 ἐς
1116 803 1206 852 ἠέρα
1236 802 1455 852 θυμήναντα,
1678 814 1719 837 10

325 870 461 916 multa,
475 868 649 918 inquam,
665 870 767 906 mala
783 882 873 906 cum
895 868 1077 906 dixisset:
1108 881 1180 906 suo
1201 867 1332 918 capiti,
1346 875 1388 905 ut
1408 867 1527 905 aiunt.
1579 867 1657 906 Sed

325 948 374 973 en
405 947 532 972 meam
561 933 930 971 mansuetudinem!
970 932 1228 972 Conieceram
1258 932 1298 970 in
1325 932 1555 970 fasciculum
1580 945 1659 970 una

325 1013 415 1038 cum
451 999 517 1037 tua
548 1000 824 1037 vehementem
855 999 906 1036 ad
938 997 1045 1035 illum
1079 997 1298 1047 epistulam.
1360 999 1479 1035 Hanc
1512 998 1562 1035 ad
1595 1010 1659 1035 me

324 1064 453 1103 referri
482 1065 572 1102 volo
604 1077 677 1101 nec
709 1065 827 1101 ullam
857 1064 910 1101 ob
941 1063 1056 1100 aliam
1091 1076 1250 1100 causam
1282 1062 1469 1100 Pollicem
1503 1075 1657 1100 servum

324 1142 348 1167 a
368 1129 536 1178 pedibus
565 1142 697 1167 meum
721 1130 891 1166 Romam
919 1127 1016 1165 misi.
1078 1129 1139 1165 Eo
1158 1135 1290 1165 autern
1312 1128 1362 1165 ad
1384 1134 1421 1165 te
1446 1126 1580 1176 scripsi
1602 1135 1654 1173 ut,
1682 1139 1716 1171 ¹5

326 1193 357 1232 si
387 1193 456 1231 tibi
488 1195 586 1232 forte
615 1193 768 1232 reddita
797 1200 913 1241 esset,
940 1191 1036 1230 mihi
1068 1206 1222 1230 curares
1252 1193 1508 1238 referendam,
1539 1205 1588 1230 ne
1618 1191 1658 1229 in

325 1258 427 1296 illius
450 1272 588 1296 manus
609 1258 838 1309 perveniret.

282 1330 307 1358 2
381 1323 482 1361 Novi
524 1323 555 1361 si
595 1323 692 1373 quid
726 1330 827 1361 esset
862 1322 1113 1373 scripsissem.
1175 1324 1338 1361 Pendeo
1371 1321 1492 1360 animi
1527 1336 1660 1372 exspe-

326 1388 498 1427 ctatione
529 1390 573 1426 de
606 1402 646 1426 re
685 1388 930 1435 Corfiniensi,
965 1388 1004 1425 in
1044 1402 1122 1438 qua
1155 1389 1206 1426 de
1238 1390 1362 1426 salute
1391 1387 1444 1425 rei
1476 1387 1658 1438 publicae

325 1455 567 1493 decernetur.
627 1456 690 1491 Tu
725 1453 966 1499 fasciculum,
996 1453 1063 1502 qui
1095 1461 1153 1491 est
1186 1455 1252 1490 M’.
1283 1452 1404 1492 Curio
1436 1452 1654 1503 inscriptus,
1679 1465 1718 1487 20

324 1519 441 1558 velim
472 1533 582 1558 cures
611 1521 662 1558 ad
693 1533 783 1558 eum
813 1520 1088 1569 perferendum
1109 1518 1378 1567 Tironemque
1406 1518 1526 1557 Curio
1553 1531 1659 1556 com-

326 1586 489 1624 mendes
511 1593 548 1623 et
570 1593 611 1622 ut
632 1586 698 1623 det
719 1584 754 1622 ei
775 1584 805 1622 si
827 1584 923 1634 quid
944 1597 1043 1634 opus
1063 1584 1134 1622 erit
1155 1584 1195 1621 in
1215 1591 1417 1633 sumptum
1438 1596 1559 1632 roges.

366 1691 435 1726 VI
480 1695 548 1726 δαν.
568 1696 600 1726 in
615 1695 798 1726 Formiano
814 1696 848 1726 111·
867 1696 906 1726 K.
930 1695 1042 1736 lllm'l.7
1065 1699 1102 1725 ut
1116 1694 1250 1733 videtur,
1271 1705 1300 1725 a.
1323 1704 1377 1733 705
1396 1694 1482 1735 (49).

739 1766 914 1797 CICERO
947 1765 1119 1796 ATTICO
1155 1765 1250 1796 SAL.

288 1850 306 1877 1
380 1838 597 1888 Obsignata
618 1838 693 1876 iam
716 1837 788 1875 ista
809 1838 976 1887 epistula
996 1851 1114 1887 quam
1136 1838 1186 1875 (le
1211 1844 1328 1874 nocte
1349 1838 1509 1874 daturus
1537 1850 1656 1877 eram,
1679 1854 1715 1885 25

323 1903 423 1941 sicut
447 1903 540 1941 dedi
568 1904 675 1954 (nam
705 1916 791 1941 eam
817 1902 966 1952 vesperi
994 1900 1252 1951 scripseram),
1277 1902 1321 1940 C.
1345 1900 1478 1939 Sosius
1504 1909 1657 1951 praetor

365 2017 384 2046 3
410 2008 451 2038 de
482 2007 649 2046 Dionysio
676 2001 737 2038 Zb:
775 2007 943 2046 Dionysio
969 2009 992 2037 Σ
1018 2006 1102 2037 Ant.
1123 2005 1167 2035 F:
1203 2017 1266 2035 om.
1297 2010 1324 2035 Δ
1459 2015 1475 2043 7
1502 2005 1658 2034 cerritior

321 2051 458 2081 Rosius:
494 2052 618 2081 certior
638 2051 676 2080 M
833 2061 866 2079 ΙΙ
894 2061 968 2080 eum
989 2051 1117 2080 dixisse
1135 2050 1254 2079 Rosius
1344 2048 1413 2078 Sed
1439 2059 1481 2078 en
1516 2049 1656 2088 Tyrrell:

321 2096 404 2125 sede
423 2095 510 2125 RO:
535 2096 595 2125 sed
615 2095 718 2126 MsP:
745 2095 804 2125 sed
823 2095 853 2125 O
873 2094 899 2124 L
926 2096 1067 2133 tmm'gA
1087 2091 1154 2123 Zb:
1179 2093 1247 2123 Sed
1265 2093 1342 2122 vide
1361 2091 1485 2122 .Mz‘illcr
1618 2101 1654 2130 15

322 2150 432 2169 mcum
463 2139 559 2170 Vicfiz
599 2140 683 2168 meis
708 2139 796 2169 codd.
818 2151 824 2168 :
854 2139 935 2176 sort.
961 2149 979 2168 a
1004 2138 1080 2177 ped.
1101 2137 1184 2167 meis
1209 2140 1253 2166 est
1270 2137 1438 2176 glossema
1621 2146 1656 2174 19

315 2187 390 2222 jmsl
406 2183 662 2221 exspectatione
684 2182 798 2212 addidi
812 2183 854 2212 de
873 2193 927 2212 re:
954 2181 1030 2212 add.
1049 2182 1089 2211 de
1112 2181 1288 2211 obsidione
1316 2179 1392 2209 Ollo
1533 2189 1574 2209 20
1599 2179 1655 2208 de-

322 2232 480 2257 cernetur
499 2227 596 2257 Rmn.
616 2237 621 2255 :
648 2227 844 2256 decernitur
861 2226 952 2256 M²lz
977 2226 1179 2255 decerneret
1197 2223 1251 2253 M¹
1346 2223 1400 2254 M’.
1418 2221 1523 2253 Man:
1550 2222 1593 2253 M.
1610 2221 1653 2254 C:

321 2270 363 2299 de
386 2271 497 2300 Marco
516 2269 576 2299 M:
604 2270 682 2308 fort.
702 2271 744 2299 dc
762 2270 825 2299 lzttc
840 2269 1076 2308 transpositum
1094 2272 1139 2298 est
1154 2279 1192 2297 cx
1207 2268 1227 2298 l.
1258 2278 1305 2305 19.
1327 2267 1362 2305 [sf-
1382 2278 1411 2303 9.
1431 2277 1451 2305 3
1612 2275 1653 2295 22

321 2319 354 2343 et
373 2318 407 2343 ut
426 2315 481 2343 det
502 2314 532 2343 ei
552 2314 652 2343 Boot:
687 2318 721 2343 ut
740 2314 781 2352 ei⁷
803 2317 837 2343 ut
862 2314 942 2352 petii
970 2312 1111 2342 Lmnl1.:
1146 2317 1181 2341 ut
1207 2316 1240 2341 ut
1266 2312 1333 2350 peti
1360 2311 1399 2340 M
1554 2319 1654 2347 roges

319 2355 376 2386 M:
404 2362 522 2395 eroget
549 2357 665 2387 Lamb.
821 2367 861 2395 25
887 2356 1077 2396 Obsignata
1101 2356 1165 2385 iam
1184 2356 1248 2385 ista
1265 2354 1412 2394 Kayser:
1441 2353 1653 2392 obsignatam

321 2401 384 2431 ista
410 2400 459 2429 Μ]
480 2413 486 2431 z
511 2401 690 2440 obsignata
708 2401 772 2430 iam
798 2400 852 2430 Μ2
