<?xml version="1.0" encoding="UTF-8"?>
<!DOCTYPE html PUBLIC "-//W3C//DTD XHTML 1.0 Transitional//EN"
    "http://www.w3.org/TR/xhtml1/DTD/xhtml1-transitional.dtd">
<html xmlns="http://www.w3.org/1999/xhtml" xml:lang="en" lang="en">
 <head>
  <title>
</title>
<meta http-equiv="Content-Type" content="text/html;charset=utf-8" />
  <meta name='ocr-system' content='tesseract 3.04.00' />
  <meta name='ocr-capabilities' content='ocr_page ocr_carea ocr_par ocr_line ocrx_word'/>
</head>
<body>
  <div class='ocr_page' id='page_1' title='image "./epistulaerecogno0201ciceuoft_0257.png"; bbox 0 0 1817 2832; ppageno 0'>
   <div class='ocr_carea' id='block_1_1' title="bbox 645 104 1686 146">
    <p class='ocr_par' dir='ltr' id='par_1_1' title="bbox 645 104 1686 146">
     <span class='ocr_line' id='line_1_1' title="bbox 645 104 1686 146; baseline -0.003 -2"><span class='ocrx_word' id='word_1_1' title='bbox 645 107 758 145; x_wconf 90' lang='lat' dir='ltr'>EPP.</span> <span class='ocrx_word' id='word_1_2' title='bbox 789 107 868 144; x_wconf 93' lang='lat' dir='ltr'>AD</span> <span class='ocrx_word' id='word_1_3' title='bbox 897 106 1158 146; x_wconf 89' lang='lat' dir='ltr'><strong>ATTICVM</strong></span> <span class='ocrx_word' id='word_1_4' title='bbox 1493 106 1588 144; x_wconf 86' lang='lat' dir='ltr'>VII.</span> <span class='ocrx_word' id='word_1_5' title='bbox 1608 104 1686 142; x_wconf 84' lang='lat' dir='ltr'>xix</span> 
     </span>
    </p>
   </div>
   <div class='ocr_carea' id='block_1_2' title="bbox 236 214 1565 462">
    <p class='ocr_par' dir='ltr' id='par_1_2' title="bbox 236 214 1565 462">
     <span class='ocr_line' id='line_1_2' title="bbox 237 214 1564 268; baseline -0.002 -13"><span class='ocrx_word' id='word_1_6' title='bbox 237 215 485 268; x_wconf 80' lang='lat' dir='ltr'>legationem.</span> <span class='ocrx_word' id='word_1_7' title='bbox 555 218 677 256; x_wconf 82' lang='lat' dir='ltr'>Plane</span> <span class='ocrx_word' id='word_1_8' title='bbox 721 216 896 267; x_wconf 78' lang='lat' dir='ltr'>oppressi</span> <span class='ocrx_word' id='word_1_9' title='bbox 940 216 1120 255; x_wconf 87' lang='lat' dir='ltr'>videmur</span> <span class='ocrx_word' id='word_1_10' title='bbox 1166 229 1240 255; x_wconf 91' lang='lat' dir='ltr'>nec</span> <span class='ocrx_word' id='word_1_11' title='bbox 1284 215 1380 266; x_wconf 87' lang='lat' dir='ltr'>quid</span> <span class='ocrx_word' id='word_1_12' title='bbox 1424 214 1564 254; x_wconf 89' lang='lat' dir='ltr'>consili</span> 
     </span>
     <span class='ocr_line' id='line_1_3' title="bbox 237 280 1564 332; baseline -0.001 -13"><span class='ocrx_word' id='word_1_13' title='bbox 237 281 390 332; x_wconf 84' lang='lat' dir='ltr'>capiam</span> <span class='ocrx_word' id='word_1_14' title='bbox 412 282 504 321; x_wconf 89' lang='lat' dir='ltr'>scio.</span> <span class='ocrx_word' id='word_1_15' title='bbox 564 283 650 321; x_wconf 93' lang='lat' dir='ltr'>Nec</span> <span class='ocrx_word' id='word_1_16' title='bbox 671 296 734 320; x_wconf 91' lang='lat' dir='ltr'>me</span> <span class='ocrx_word' id='word_1_17' title='bbox 749 284 908 321; x_wconf 82' lang='lat' dir='ltr'><strong>hercule</strong></span> <span class='ocrx_word' id='word_1_18' title='bbox 928 283 978 320; x_wconf 91' lang='lat' dir='ltr'>de</span> <span class='ocrx_word' id='word_1_19' title='bbox 1000 296 1063 320; x_wconf 91' lang='lat' dir='ltr'>me</span> <span class='ocrx_word' id='word_1_20' title='bbox 1082 282 1229 328; x_wconf 86' lang='lat' dir='ltr'>laboro,</span> <span class='ocrx_word' id='word_1_21' title='bbox 1246 282 1296 319; x_wconf 90' lang='lat' dir='ltr'>de</span> <span class='ocrx_word' id='word_1_22' title='bbox 1317 280 1446 331; x_wconf 90' lang='lat' dir='ltr'>pueris</span> <span class='ocrx_word' id='word_1_23' title='bbox 1467 280 1564 330; x_wconf 84' lang='lat' dir='ltr'>quid</span> 
     </span>
     <span class='ocr_line' id='line_1_4' title="bbox 236 344 1565 397; baseline -0.001 -14"><span class='ocrx_word' id='word_1_24' title='bbox 236 359 348 396; x_wconf 85' lang='lat' dir='ltr'>agam</span> <span class='ocrx_word' id='word_1_25' title='bbox 376 360 456 385; x_wconf 92' lang='lat' dir='ltr'>non</span> <span class='ocrx_word' id='word_1_26' title='bbox 485 347 625 385; x_wconf 88' lang='lat' dir='ltr'>habeo.</span> <span class='ocrx_word' id='word_1_27' title='bbox 685 348 864 397; x_wconf 84' lang='lat' dir='ltr'><strong>Capuam</strong></span> <span class='ocrx_word' id='word_1_28' title='bbox 885 354 1018 384; x_wconf 90' lang='lat' dir='ltr'>tamen</span> <span class='ocrx_word' id='word_1_29' title='bbox 1048 345 1325 396; x_wconf 89' lang='lat' dir='ltr'>proficiscebar</span> <span class='ocrx_word' id='word_1_30' title='bbox 1352 346 1449 383; x_wconf 87' lang='lat' dir='ltr'>haec</span> <span class='ocrx_word' id='word_1_31' title='bbox 1476 344 1565 383; x_wconf 88' lang='lat' dir='ltr'>scri-</span> 
     </span>
     <span class='ocr_line' id='line_1_5' title="bbox 236 411 1311 462; baseline -0.001 -13"><span class='ocrx_word' id='word_1_32' title='bbox 236 411 335 450; x_wconf 91' lang='lat' dir='ltr'>bens</span> <span class='ocrx_word' id='word_1_33' title='bbox 356 425 436 462; x_wconf 91' lang='lat' dir='ltr'>quo</span> <span class='ocrx_word' id='word_1_34' title='bbox 456 411 606 450; x_wconf 82' lang='lat' dir='ltr'>facilius</span> <span class='ocrx_word' id='word_1_35' title='bbox 627 413 677 451; x_wconf 91' lang='lat' dir='ltr'>de</span> <span class='ocrx_word' id='word_1_36' title='bbox 698 411 863 462; x_wconf 86' lang='lat' dir='ltr'>Pompei</span> <span class='ocrx_word' id='word_1_37' title='bbox 884 412 1000 450; x_wconf 91' lang='lat' dir='ltr'>rebus</span> <span class='ocrx_word' id='word_1_38' title='bbox 1021 424 1311 461; x_wconf 83' lang='lat' dir='ltr'>cognoscerem.</span> 
     </span>
    </p>
   </div>
   <div class='ocr_carea' id='block_1_3' title="bbox 200 563 1230 685">
    <p class='ocr_par' dir='ltr' id='par_1_3' title="bbox 200 563 1230 685">
     <span class='ocr_line' id='line_1_6' title="bbox 200 563 1230 608; baseline -0.004 -8"><span class='ocrx_word' id='word_1_39' title='bbox 200 569 217 601; x_wconf 86' lang='lat'>5</span> <span class='ocrx_word' id='word_1_40' title='bbox 279 563 366 598; x_wconf 84' lang='lat' dir='ltr'>XX</span> <span class='ocrx_word' id='word_1_41' title='bbox 562 565 633 598; x_wconf 82' lang='lat' dir='ltr'>Scr.</span> <span class='ocrx_word' id='word_1_42' title='bbox 653 565 785 608; x_wconf 74' lang='lat' dir='ltr'>Capuae</span> <span class='ocrx_word' id='word_1_43' title='bbox 800 565 887 598; x_wconf 86' lang='lat' dir='ltr'>Non.</span> <span class='ocrx_word' id='word_1_44' title='bbox 905 564 997 597; x_wconf 78' lang='lat' dir='ltr'>Febr.</span> <span class='ocrx_word' id='word_1_45' title='bbox 1015 576 1045 596; x_wconf 85' lang='lat' dir='ltr'>a.</span> <span class='ocrx_word' id='word_1_46' title='bbox 1068 574 1124 605; x_wconf 76' lang='lat'>705</span> <span class='ocrx_word' id='word_1_47' title='bbox 1142 563 1230 607; x_wconf 81' lang='lat'>(49).</span> 
     </span>
     <span class='ocr_line' id='line_1_7' title="bbox 704 652 1094 685; baseline -0.003 0"><span class='ocrx_word' id='word_1_48' title='bbox 704 653 878 685; x_wconf 78' lang='lat' dir='ltr'>CICERO</span> <span class='ocrx_word' id='word_1_49' title='bbox 909 652 1094 684; x_wconf 79' lang='lat' dir='ltr'><strong>ATTICO.</strong></span> 
     </span>
    </p>
   </div>
   <div class='ocr_carea' id='block_1_4' title="bbox 177 740 1603 2086">
    <p class='ocr_par' dir='ltr' id='par_1_4' title="bbox 237 740 1600 923">
     <span class='ocr_line' id='line_1_8' title="bbox 292 740 1600 793; baseline -0.001 -12"><span class='ocrx_word' id='word_1_50' title='bbox 292 743 637 793; x_wconf 81' lang='lat' dir='ltr'>Breviloquentem</span> <span class='ocrx_word' id='word_1_51' title='bbox 676 741 753 780; x_wconf 80' lang='lat' dir='ltr'>iam</span> <span class='ocrx_word' id='word_1_52' title='bbox 793 755 858 779; x_wconf 90' lang='lat' dir='ltr'>me</span> <span class='ocrx_word' id='word_1_53' title='bbox 895 748 1050 790; x_wconf 90' lang='lat' dir='ltr'>tempus</span> <span class='ocrx_word' id='word_1_54' title='bbox 1089 740 1217 791; x_wconf 88' lang='lat' dir='ltr'>ipsum</span> <span class='ocrx_word' id='word_1_55' title='bbox 1257 740 1358 780; x_wconf 88' lang='lat' dir='ltr'>facit.</span> <span class='ocrx_word' id='word_1_56' title='bbox 1419 743 1600 780; x_wconf 82' lang='lat' dir='ltr'>PacemI</span> 
     </span>
     <span class='ocr_line' id='line_1_9' title="bbox 237 806 1563 857; baseline -0.002 -11"><span class='ocrx_word' id='word_1_57' title='bbox 237 808 343 847; x_wconf 89' lang='lat' dir='ltr'>enirn</span> <span class='ocrx_word' id='word_1_58' title='bbox 373 807 586 857; x_wconf 80' lang='lat' dir='ltr'>desperavi,</span> <span class='ocrx_word' id='word_1_59' title='bbox 609 808 756 846; x_wconf 90' lang='lat' dir='ltr'>bellum</span> <span class='ocrx_word' id='word_1_60' title='bbox 784 806 907 845; x_wconf 87' lang='lat' dir='ltr'>nostri</span> <span class='ocrx_word' id='word_1_61' title='bbox 937 808 1088 845; x_wconf 90' lang='lat' dir='ltr'>nullum</span> <span class='ocrx_word' id='word_1_62' title='bbox 1111 806 1395 845; x_wconf 87' lang='lat' dir='ltr'>administrant.</span> <span class='ocrx_word' id='word_1_63' title='bbox 1457 808 1563 846; x_wconf 83' lang='lat' dir='ltr'>Cave</span> 
     </span>
     <span class='ocr_line' id='line_1_10' title="bbox 237 871 1563 923; baseline -0.002 -12"><span class='ocrx_word' id='word_1_64' title='bbox 237 873 342 912; x_wconf 83' lang='lat' dir='ltr'>enim</span> <span class='ocrx_word' id='word_1_65' title='bbox 364 881 477 923; x_wconf 91' lang='lat' dir='ltr'>putes</span> <span class='ocrx_word' id='word_1_66' title='bbox 498 872 709 922; x_wconf 82' lang='lat' dir='ltr'>quicquam</span> <span class='ocrx_word' id='word_1_67' title='bbox 731 885 816 910; x_wconf 88' lang='lat' dir='ltr'>esse</span> <span class='ocrx_word' id='word_1_68' title='bbox 843 871 1004 910; x_wconf 84' lang='lat' dir='ltr'>minoris</span> <span class='ocrx_word' id='word_1_69' title='bbox 1025 871 1085 909; x_wconf 89' lang='lat' dir='ltr'>his</span> <span class='ocrx_word' id='word_1_70' title='bbox 1112 871 1340 910; x_wconf 88' lang='lat' dir='ltr'>consulibus</span> <span class='ocrx_word' id='word_1_71' title='bbox 1358 887 1364 909; x_wconf 94' lang='lat'><strong>:</strong></span> <span class='ocrx_word' id='word_1_72' title='bbox 1395 885 1563 921; x_wconf 83' lang='lat' dir='ltr'>quorum</span> 
     </span>
    </p>

    <p class='ocr_par' dir='ltr' id='par_1_5' title="bbox 182 936 1562 1246">
     <span class='ocr_line' id='line_1_11' title="bbox 182 936 1562 988; baseline 0 -14"><span class='ocrx_word' id='word_1_73' title='bbox 182 952 220 974; x_wconf 94' lang='lat'>10</span> <span class='ocrx_word' id='word_1_74' title='bbox 238 951 311 988; x_wconf 84' lang='lat' dir='ltr'>ego</span> <span class='ocrx_word' id='word_1_75' title='bbox 338 951 407 987; x_wconf 92' lang='lat' dir='ltr'>spe</span> <span class='ocrx_word' id='word_1_76' title='bbox 437 937 625 976; x_wconf 89' lang='lat' dir='ltr'>audiendi</span> <span class='ocrx_word' id='word_1_77' title='bbox 656 937 804 986; x_wconf 83' lang='lat' dir='ltr'>aliquid</span> <span class='ocrx_word' id='word_1_78' title='bbox 839 944 877 975; x_wconf 93' lang='lat' dir='ltr'>et</span> <span class='ocrx_word' id='word_1_79' title='bbox 907 936 1173 986; x_wconf 85' lang='lat' dir='ltr'>cognoscendi</span> <span class='ocrx_word' id='word_1_80' title='bbox 1203 936 1324 974; x_wconf 86' lang='lat' dir='ltr'>nostri</span> <span class='ocrx_word' id='word_1_81' title='bbox 1355 944 1562 986; x_wconf 84' lang='lat' dir='ltr'>apparatus</span> 
     </span>
     <span class='ocr_line' id='line_1_12' title="bbox 237 1001 1559 1051; baseline -0.001 -11"><span class='ocrx_word' id='word_1_82' title='bbox 237 1002 410 1041; x_wconf 87' lang='lat' dir='ltr'>maximo</span> <span class='ocrx_word' id='word_1_83' title='bbox 438 1001 553 1040; x_wconf 91' lang='lat' dir='ltr'>imbri</span> <span class='ocrx_word' id='word_1_84' title='bbox 575 1002 753 1051; x_wconf 85' lang='lat' dir='ltr'>Capuam</span> <span class='ocrx_word' id='word_1_85' title='bbox 773 1001 863 1039; x_wconf 90' lang='lat' dir='ltr'>veni</span> <span class='ocrx_word' id='word_1_86' title='bbox 892 1001 1017 1051; x_wconf 88' lang='lat' dir='ltr'>pridie</span> <span class='ocrx_word' id='word_1_87' title='bbox 1047 1003 1195 1047; x_wconf 81' lang='lat' dir='ltr'>Nonas,</span> <span class='ocrx_word' id='word_1_88' title='bbox 1218 1008 1260 1039; x_wconf 89' lang='lat' dir='ltr'>ut</span> <span class='ocrx_word' id='word_1_89' title='bbox 1289 1014 1394 1039; x_wconf 88' lang='lat' dir='ltr'>eram</span> <span class='ocrx_word' id='word_1_90' title='bbox 1422 1001 1559 1039; x_wconf 88' lang='lat' dir='ltr'>iussus.</span> 
     </span>
     <span class='ocr_line' id='line_1_13' title="bbox 238 1065 1562 1112; baseline -0.001 -8"><span class='ocrx_word' id='word_1_91' title='bbox 238 1067 300 1105; x_wconf 90' lang='lat' dir='ltr'>Illi</span> <span class='ocrx_word' id='word_1_92' title='bbox 339 1074 471 1105; x_wconf 88' lang='lat' dir='ltr'>autem</span> <span class='ocrx_word' id='word_1_93' title='bbox 516 1067 694 1104; x_wconf 88' lang='lat' dir='ltr'>nondum</span> <span class='ocrx_word' id='word_1_94' title='bbox 733 1073 920 1104; x_wconf 89' lang='lat' dir='ltr'>venerant</span> <span class='ocrx_word' id='word_1_95' title='bbox 968 1067 1038 1104; x_wconf 89' lang='lat' dir='ltr'>sed</span> <span class='ocrx_word' id='word_1_96' title='bbox 1076 1074 1186 1104; x_wconf 88' lang='lat' dir='ltr'>erant</span> <span class='ocrx_word' id='word_1_97' title='bbox 1224 1066 1375 1103; x_wconf 89' lang='lat' dir='ltr'>venturi</span> <span class='ocrx_word' id='word_1_98' title='bbox 1413 1065 1562 1112; x_wconf 86' lang='lat' dir='ltr'>inanes,</span> 
     </span>
     <span class='ocr_line' id='line_1_14' title="bbox 236 1130 1562 1182; baseline 0 -13"><span class='ocrx_word' id='word_1_99' title='bbox 236 1132 424 1182; x_wconf 83' lang='lat' dir='ltr'>imparati.</span> <span class='ocrx_word' id='word_1_100' title='bbox 486 1132 645 1169; x_wconf 85' lang='lat' dir='ltr'>Gnaeus</span> <span class='ocrx_word' id='word_1_101' title='bbox 675 1138 806 1169; x_wconf 89' lang='lat' dir='ltr'>autern</span> <span class='ocrx_word' id='word_1_102' title='bbox 837 1130 1026 1169; x_wconf 91' lang='lat' dir='ltr'>Luceriae</span> <span class='ocrx_word' id='word_1_103' title='bbox 1053 1130 1257 1169; x_wconf 87' lang='lat' dir='ltr'>dicebatur</span> <span class='ocrx_word' id='word_1_104' title='bbox 1283 1144 1368 1169; x_wconf 88' lang='lat' dir='ltr'>esse</span> <span class='ocrx_word' id='word_1_105' title='bbox 1391 1138 1429 1169; x_wconf 91' lang='lat' dir='ltr'>et</span> <span class='ocrx_word' id='word_1_106' title='bbox 1455 1131 1562 1170; x_wconf 88' lang='lat' dir='ltr'>adire</span> 
     </span>
     <span class='ocr_line' id='line_1_15' title="bbox 237 1195 1562 1246; baseline -0.001 -11"><span class='ocrx_word' id='word_1_107' title='bbox 237 1196 410 1235; x_wconf 89' lang='lat' dir='ltr'>cohortis</span> <span class='ocrx_word' id='word_1_108' title='bbox 448 1196 646 1246; x_wconf 86' lang='lat' dir='ltr'>legionum</span> <span class='ocrx_word' id='word_1_109' title='bbox 686 1195 955 1245; x_wconf 87' lang='lat' dir='ltr'>Appianarum</span> <span class='ocrx_word' id='word_1_110' title='bbox 998 1209 1078 1233; x_wconf 91' lang='lat' dir='ltr'>non</span> <span class='ocrx_word' id='word_1_111' title='bbox 1118 1195 1435 1233; x_wconf 86' lang='lat' dir='ltr'>firmissimarum.</span> <span class='ocrx_word' id='word_1_112' title='bbox 1508 1198 1562 1234; x_wconf 90' lang='lat' dir='ltr'>At</span> 
     </span>
    </p>

    <p class='ocr_par' dir='ltr' id='par_1_6' title="bbox 180 1259 1603 1571">
     <span class='ocr_line' id='line_1_16' title="bbox 180 1259 1561 1310; baseline 0.001 -14"><span class='ocrx_word' id='word_1_113' title='bbox 180 1274 216 1305; x_wconf 84' lang='lat'>15</span> <span class='ocrx_word' id='word_1_114' title='bbox 237 1260 347 1299; x_wconf 89' lang='lat' dir='ltr'>illum</span> <span class='ocrx_word' id='word_1_115' title='bbox 374 1274 484 1299; x_wconf 90' lang='lat' dir='ltr'>ruere</span> <span class='ocrx_word' id='word_1_116' title='bbox 511 1260 693 1298; x_wconf 86' lang='lat' dir='ltr'>nuntiant</span> <span class='ocrx_word' id='word_1_117' title='bbox 712 1268 750 1298; x_wconf 89' lang='lat' dir='ltr'>et</span> <span class='ocrx_word' id='word_1_118' title='bbox 777 1259 853 1297; x_wconf 90' lang='lat' dir='ltr'>iam</span> <span class='ocrx_word' id='word_1_119' title='bbox 875 1259 1032 1310; x_wconf 83' lang='lat' dir='ltr'>iamque</span> <span class='ocrx_word' id='word_1_120' title='bbox 1054 1261 1205 1307; x_wconf 82' lang='lat' dir='ltr'>adesse,</span> <span class='ocrx_word' id='word_1_121' title='bbox 1226 1274 1306 1298; x_wconf 90' lang='lat' dir='ltr'>non</span> <span class='ocrx_word' id='word_1_122' title='bbox 1330 1268 1373 1298; x_wconf 88' lang='lat' dir='ltr'>ut</span> <span class='ocrx_word' id='word_1_123' title='bbox 1400 1274 1561 1298; x_wconf 87' lang='lat' dir='ltr'>manum</span> 
     </span>
     <span class='ocr_line' id='line_1_17' title="bbox 236 1325 1603 1375; baseline -0.001 -11"><span class='ocrx_word' id='word_1_124' title='bbox 236 1334 415 1364; x_wconf 87' lang='lat' dir='ltr'>conserat</span> <span class='ocrx_word' id='word_1_125' title='bbox 446 1325 623 1375; x_wconf 84' lang='lat' dir='ltr'>(quicum</span> <span class='ocrx_word' id='word_1_126' title='bbox 653 1325 758 1364; x_wconf 89' lang='lat' dir='ltr'>enirn</span> <span class='ocrx_word' id='word_1_127' title='bbox 772 1325 806 1375; x_wconf 83' lang='lat'>?)</span> <span class='ocrx_word' id='word_1_128' title='bbox 836 1326 905 1363; x_wconf 89' lang='lat' dir='ltr'>sed</span> <span class='ocrx_word' id='word_1_129' title='bbox 935 1333 977 1363; x_wconf 89' lang='lat' dir='ltr'>ut</span> <span class='ocrx_word' id='word_1_130' title='bbox 1011 1326 1141 1375; x_wconf 84' lang='lat' dir='ltr'>fugam</span> <span class='ocrx_word' id='word_1_131' title='bbox 1170 1325 1415 1363; x_wconf 85' lang='lat' dir='ltr'>intercludat.</span> <span class='ocrx_word' id='word_1_132' title='bbox 1475 1327 1560 1375; x_wconf 83' lang='lat' dir='ltr'>Ego</span> <span class='ocrx_word' id='word_1_133' title='bbox 1578 1340 1603 1368; x_wconf 85' lang='lat'>2</span> 
     </span>
     <span class='ocr_line' id='line_1_18' title="bbox 234 1390 1560 1437; baseline -0.002 -8"><span class='ocrx_word' id='word_1_134' title='bbox 234 1398 366 1429; x_wconf 86' lang='lat' dir='ltr'>autern</span> <span class='ocrx_word' id='word_1_135' title='bbox 398 1390 439 1428; x_wconf 90' lang='lat' dir='ltr'>in</span> <span class='ocrx_word' id='word_1_136' title='bbox 473 1390 586 1428; x_wconf 84' lang='lat' dir='ltr'>Italia</span> <span class='ocrx_word' id='word_1_137' title='bbox 622 1391 680 1428; x_wconf 82' lang='grc' dir='ltr'>καὶ</span> <span class='ocrx_word' id='word_1_138' title='bbox 711 1391 1107 1429; x_wconf 66' lang='grc' dir='ltr'>συναποθανεῖν-ηερ</span> <span class='ocrx_word' id='word_1_139' title='bbox 1136 1397 1174 1428; x_wconf 92' lang='lat' dir='ltr'>te</span> <span class='ocrx_word' id='word_1_140' title='bbox 1203 1390 1243 1428; x_wconf 90' lang='lat' dir='ltr'>id</span> <span class='ocrx_word' id='word_1_141' title='bbox 1274 1392 1462 1437; x_wconf 79' lang='lat' dir='ltr'>consulo3</span> <span class='ocrx_word' id='word_1_142' title='bbox 1501 1390 1560 1427; x_wconf 93' lang='lat' dir='ltr'>sin</span> 
     </span>
     <span class='ocr_line' id='line_1_19' title="bbox 235 1454 1562 1506; baseline -0.002 -12"><span class='ocrx_word' id='word_1_143' title='bbox 235 1464 350 1503; x_wconf 84' lang='lat' dir='ltr'>extra,</span> <span class='ocrx_word' id='word_1_144' title='bbox 374 1456 469 1506; x_wconf 87' lang='lat' dir='ltr'>quid</span> <span class='ocrx_word' id='word_1_145' title='bbox 489 1458 593 1506; x_wconf 84' lang='lat' dir='ltr'>ago?</span> <span class='ocrx_word' id='word_1_146' title='bbox 647 1457 713 1494; x_wconf 91' lang='lat' dir='ltr'>Ad</span> <span class='ocrx_word' id='word_1_147' title='bbox 741 1457 981 1494; x_wconf 88' lang='lat' dir='ltr'>manendum</span> <span class='ocrx_word' id='word_1_148' title='bbox 1006 1455 1143 1502; x_wconf 87' lang='lat' dir='ltr'>hiems,</span> <span class='ocrx_word' id='word_1_149' title='bbox 1165 1454 1329 1501; x_wconf 87' lang='lat' dir='ltr'>lictores,</span> <span class='ocrx_word' id='word_1_150' title='bbox 1353 1454 1562 1505; x_wconf 87' lang='lat' dir='ltr'>improvidi</span> 
     </span>
     <span class='ocr_line' id='line_1_20' title="bbox 234 1519 1559 1571; baseline -0.002 -12"><span class='ocrx_word' id='word_1_151' title='bbox 234 1528 273 1559; x_wconf 91' lang='lat' dir='ltr'>et</span> <span class='ocrx_word' id='word_1_152' title='bbox 307 1523 557 1571; x_wconf 81' lang='lat' dir='ltr'>neglegentes</span> <span class='ocrx_word' id='word_1_153' title='bbox 596 1521 729 1567; x_wconf 89' lang='lat' dir='ltr'>duces,</span> <span class='ocrx_word' id='word_1_154' title='bbox 760 1521 811 1558; x_wconf 91' lang='lat' dir='ltr'>ad</span> <span class='ocrx_word' id='word_1_155' title='bbox 845 1521 976 1570; x_wconf 86' lang='lat' dir='ltr'>fugam</span> <span class='ocrx_word' id='word_1_156' title='bbox 1009 1521 1184 1557; x_wconf 89' lang='lat' dir='ltr'>hortatur</span> <span class='ocrx_word' id='word_1_157' title='bbox 1216 1519 1387 1557; x_wconf 84' lang='lat' dir='ltr'>amicitia</span> <span class='ocrx_word' id='word_1_158' title='bbox 1421 1519 1559 1566; x_wconf 86' lang='lat' dir='ltr'>Gnaei,</span> 
     </span>
    </p>

    <p class='ocr_par' dir='ltr' id='par_1_7' title="bbox 177 1583 1563 1894">
     <span class='ocr_line' id='line_1_21' title="bbox 177 1583 1562 1634; baseline -0.003 -9"><span class='ocrx_word' id='word_1_159' title='bbox 177 1603 217 1626; x_wconf 92' lang='lat'>20</span> <span class='ocrx_word' id='word_1_160' title='bbox 234 1598 352 1624; x_wconf 87' lang='lat' dir='ltr'>causa</span> <span class='ocrx_word' id='word_1_161' title='bbox 381 1586 592 1633; x_wconf 78' lang='lat' dir='ltr'>bonorum,</span> <span class='ocrx_word' id='word_1_162' title='bbox 622 1585 823 1634; x_wconf 90' lang='lat' dir='ltr'>turpitudo</span> <span class='ocrx_word' id='word_1_163' title='bbox 854 1584 1120 1634; x_wconf 89' lang='lat' dir='ltr'>coniungendi</span> <span class='ocrx_word' id='word_1_164' title='bbox 1154 1597 1244 1622; x_wconf 92' lang='lat' dir='ltr'>cum</span> <span class='ocrx_word' id='word_1_165' title='bbox 1274 1592 1438 1633; x_wconf 85' lang='lat' dir='ltr'>tyranno</span> <span class='ocrx_word' id='word_1_166' title='bbox 1453 1598 1462 1631; x_wconf 83' lang='lat'>;</span> <span class='ocrx_word' id='word_1_167' title='bbox 1494 1583 1562 1633; x_wconf 89' lang='lat' dir='ltr'>qui</span> 
     </span>
     <span class='ocr_line' id='line_1_22' title="bbox 234 1648 1563 1701; baseline -0.002 -12"><span class='ocrx_word' id='word_1_168' title='bbox 234 1650 396 1701; x_wconf 87' lang='lat' dir='ltr'>quidem</span> <span class='ocrx_word' id='word_1_169' title='bbox 426 1650 618 1689; x_wconf 90' lang='lat' dir='ltr'>incertum</span> <span class='ocrx_word' id='word_1_170' title='bbox 649 1657 706 1688; x_wconf 86' lang='lat' dir='ltr'>est</span> <span class='ocrx_word' id='word_1_171' title='bbox 738 1650 986 1688; x_wconf 87' lang='lat' dir='ltr'>Phalarimne</span> <span class='ocrx_word' id='word_1_172' title='bbox 1016 1663 1065 1687; x_wconf 87' lang='lat' dir='ltr'>an</span> <span class='ocrx_word' id='word_1_173' title='bbox 1097 1649 1340 1687; x_wconf 87' lang='lat' dir='ltr'>Pisistratum</span> <span class='ocrx_word' id='word_1_174' title='bbox 1365 1648 1413 1686; x_wconf 87' lang='lat' dir='ltr'>sit</span> <span class='ocrx_word' id='word_1_175' title='bbox 1440 1648 1563 1686; x_wconf 88' lang='lat' dir='ltr'>imita—</span> 
     </span>
     <span class='ocr_line' id='line_1_23' title="bbox 233 1713 1562 1764; baseline -0.002 -11"><span class='ocrx_word' id='word_1_176' title='bbox 233 1722 352 1753; x_wconf 86' lang='lat' dir='ltr'>turus.</span> <span class='ocrx_word' id='word_1_177' title='bbox 413 1716 528 1754; x_wconf 87' lang='lat' dir='ltr'>Haec</span> <span class='ocrx_word' id='word_1_178' title='bbox 556 1714 673 1753; x_wconf 91' lang='lat' dir='ltr'>velim</span> <span class='ocrx_word' id='word_1_179' title='bbox 704 1714 873 1764; x_wconf 85' lang='lat' dir='ltr'>explices</span> <span class='ocrx_word' id='word_1_180' title='bbox 904 1722 943 1752; x_wconf 89' lang='lat' dir='ltr'>et</span> <span class='ocrx_word' id='word_1_181' title='bbox 973 1727 1036 1752; x_wconf 89' lang='lat' dir='ltr'>me</span> <span class='ocrx_word' id='word_1_182' title='bbox 1066 1713 1174 1752; x_wconf 88' lang='lat' dir='ltr'>iuves</span> <span class='ocrx_word' id='word_1_183' title='bbox 1204 1713 1368 1752; x_wconf 91' lang='lat' dir='ltr'>consilio</span> <span class='ocrx_word' id='word_1_184' title='bbox 1384 1728 1393 1760; x_wconf 73' lang='lat'><em>3</em></span> <span class='ocrx_word' id='word_1_185' title='bbox 1422 1713 1494 1752; x_wconf 91' lang='lat' dir='ltr'>etsi</span> <span class='ocrx_word' id='word_1_186' title='bbox 1524 1721 1562 1752; x_wconf 90' lang='lat' dir='ltr'>te</span> 
     </span>
     <span class='ocr_line' id='line_1_24' title="bbox 233 1778 1558 1829; baseline -0.001 -12"><span class='ocrx_word' id='word_1_187' title='bbox 233 1778 363 1829; x_wconf 88' lang='lat' dir='ltr'>ipsum</span> <span class='ocrx_word' id='word_1_188' title='bbox 397 1779 483 1818; x_wconf 91' lang='lat' dir='ltr'>istic</span> <span class='ocrx_word' id='word_1_189' title='bbox 513 1779 591 1818; x_wconf 88' lang='lat' dir='ltr'>iam</span> <span class='ocrx_word' id='word_1_190' title='bbox 621 1781 746 1818; x_wconf 87' lang='lat' dir='ltr'>calere</span> <span class='ocrx_word' id='word_1_191' title='bbox 775 1787 881 1829; x_wconf 90' lang='lat' dir='ltr'>puto,</span> <span class='ocrx_word' id='word_1_192' title='bbox 915 1780 984 1818; x_wconf 91' lang='lat' dir='ltr'>sed</span> <span class='ocrx_word' id='word_1_193' title='bbox 1016 1787 1147 1817; x_wconf 90' lang='lat' dir='ltr'>tamen</span> <span class='ocrx_word' id='word_1_194' title='bbox 1179 1787 1370 1828; x_wconf 88' lang='lat' dir='ltr'>quantum</span> <span class='ocrx_word' id='word_1_195' title='bbox 1402 1779 1558 1828; x_wconf 89' lang='lat' dir='ltr'>poteris.</span> 
     </span>
     <span class='ocr_line' id='line_1_25' title="bbox 235 1843 1560 1894; baseline 0.001 -13"><span class='ocrx_word' id='word_1_196' title='bbox 235 1845 320 1893; x_wconf 89' lang='lat' dir='ltr'>Ego</span> <span class='ocrx_word' id='word_1_197' title='bbox 337 1843 368 1882; x_wconf 92' lang='lat' dir='ltr'>si</span> <span class='ocrx_word' id='word_1_198' title='bbox 389 1844 485 1894; x_wconf 88' lang='lat' dir='ltr'>quid</span> <span class='ocrx_word' id='word_1_199' title='bbox 501 1844 565 1882; x_wconf 89' lang='lat' dir='ltr'>hic</span> <span class='ocrx_word' id='word_1_200' title='bbox 580 1844 700 1883; x_wconf 91' lang='lat' dir='ltr'>hodie</span> <span class='ocrx_word' id='word_1_201' title='bbox 717 1844 807 1882; x_wconf 90' lang='lat' dir='ltr'>novi</span> <span class='ocrx_word' id='word_1_202' title='bbox 821 1857 1003 1893; x_wconf 87' lang='lat' dir='ltr'>cognoro,</span> <span class='ocrx_word' id='word_1_203' title='bbox 1024 1843 1122 1881; x_wconf 90' lang='lat' dir='ltr'>scies</span> <span class='ocrx_word' id='word_1_204' title='bbox 1139 1858 1147 1890; x_wconf 81' lang='lat'><em>3</em></span> <span class='ocrx_word' id='word_1_205' title='bbox 1178 1843 1254 1881; x_wconf 83' lang='lat' dir='ltr'>iarn</span> <span class='ocrx_word' id='word_1_206' title='bbox 1272 1843 1376 1881; x_wconf 90' lang='lat' dir='ltr'>enirn</span> <span class='ocrx_word' id='word_1_207' title='bbox 1393 1845 1560 1882; x_wconf 86' lang='lat' dir='ltr'>aderunt</span> 
     </span>
    </p>

    <p class='ocr_par' dir='ltr' id='par_1_8' title="bbox 177 1907 1561 2086">
     <span class='ocr_line' id='line_1_26' title="bbox 177 1907 1561 1957; baseline 0 -11"><span class='ocrx_word' id='word_1_208' title='bbox 177 1921 214 1952; x_wconf 87' lang='lat'>25</span> <span class='ocrx_word' id='word_1_209' title='bbox 234 1909 417 1946; x_wconf 89' lang='lat' dir='ltr'>consules</span> <span class='ocrx_word' id='word_1_210' title='bbox 436 1910 487 1946; x_wconf 89' lang='lat' dir='ltr'>ad</span> <span class='ocrx_word' id='word_1_211' title='bbox 508 1921 597 1946; x_wconf 90' lang='lat' dir='ltr'>suas</span> <span class='ocrx_word' id='word_1_212' title='bbox 618 1910 767 1946; x_wconf 80' lang='lat' dir='ltr'>Nonas.</span> <span class='ocrx_word' id='word_1_213' title='bbox 825 1909 933 1946; x_wconf 88' lang='lat' dir='ltr'>Tuas</span> <span class='ocrx_word' id='word_1_214' title='bbox 960 1908 1106 1945; x_wconf 90' lang='lat' dir='ltr'>cotidie</span> <span class='ocrx_word' id='word_1_215' title='bbox 1133 1907 1277 1946; x_wconf 86' lang='lat' dir='ltr'>litteras</span> <span class='ocrx_word' id='word_1_216' title='bbox 1299 1909 1536 1957; x_wconf 79' lang='lat' dir='ltr'>exspectabo</span> <span class='ocrx_word' id='word_1_217' title='bbox 1551 1923 1561 1955; x_wconf 83' lang='lat'>;</span> 
     </span>
     <span class='ocr_line' id='line_1_27' title="bbox 234 1972 1560 2022; baseline 0.001 -12"><span class='ocrx_word' id='word_1_218' title='bbox 234 1973 284 2011; x_wconf 91' lang='lat' dir='ltr'>ad</span> <span class='ocrx_word' id='word_1_219' title='bbox 306 1974 375 2011; x_wconf 88' lang='lat' dir='ltr'>has</span> <span class='ocrx_word' id='word_1_220' title='bbox 395 1980 527 2010; x_wconf 91' lang='lat' dir='ltr'>autem</span> <span class='ocrx_word' id='word_1_221' title='bbox 548 1986 637 2010; x_wconf 89' lang='lat' dir='ltr'>cum</span> <span class='ocrx_word' id='word_1_222' title='bbox 658 1972 804 2022; x_wconf 89' lang='lat' dir='ltr'>poteris</span> <span class='ocrx_word' id='word_1_223' title='bbox 824 1972 1023 2011; x_wconf 87' lang='lat' dir='ltr'>rescribes.</span> <span class='ocrx_word' id='word_1_224' title='bbox 1085 1972 1272 2011; x_wconf 89' lang='lat' dir='ltr'>Mulieres</span> <span class='ocrx_word' id='word_1_225' title='bbox 1293 1980 1331 2011; x_wconf 92' lang='lat' dir='ltr'>et</span> <span class='ocrx_word' id='word_1_226' title='bbox 1347 1972 1560 2012; x_wconf 85' lang='lat' dir='ltr'>Cicerones</span> 
     </span>
     <span class='ocr_line' id='line_1_28' title="bbox 234 2036 674 2086; baseline -0.002 -11"><span class='ocrx_word' id='word_1_227' title='bbox 234 2037 275 2075; x_wconf 91' lang='lat' dir='ltr'>in</span> <span class='ocrx_word' id='word_1_228' title='bbox 297 2037 506 2075; x_wconf 88' lang='lat' dir='ltr'>Formiano</span> <span class='ocrx_word' id='word_1_229' title='bbox 527 2036 674 2086; x_wconf 89' lang='lat' dir='ltr'>reliqui.</span> 
     </span>
    </p>
   </div>
   <div class='ocr_carea' id='block_1_5' title="bbox 233 2138 1563 2386">
    <p class='ocr_par' dir='ltr' id='par_1_9' title="bbox 233 2138 1563 2386">
     <span class='ocr_line' id='line_1_29' title="bbox 277 2138 1560 2181; baseline 0.002 -12"><span class='ocrx_word' id='word_1_230' title='bbox 277 2150 298 2178; x_wconf 91' lang='lat'><strong>9</strong></span> <span class='ocrx_word' id='word_1_231' title='bbox 323 2139 444 2170; x_wconf 85' lang='lat' dir='ltr'>minori</span> <span class='ocrx_word' id='word_1_232' title='bbox 469 2139 523 2170; x_wconf 79' lang='lat' dir='ltr'>his</span> <span class='ocrx_word' id='word_1_233' title='bbox 544 2138 738 2169; x_wconf 84' lang='lat' dir='ltr'>consulibus</span> <span class='ocrx_word' id='word_1_234' title='bbox 765 2149 876 2170; x_wconf 82' lang='lat' dir='ltr'>curae.</span> <span class='ocrx_word' id='word_1_235' title='bbox 923 2139 995 2177; x_wconf 83' lang='lat' dir='ltr'>Ego</span> <span class='ocrx_word' id='word_1_236' title='bbox 1022 2139 1144 2170; x_wconf 78' lang='lat' dir='ltr'>Miiller</span> <span class='ocrx_word' id='word_1_237' title='bbox 1301 2150 1339 2171; x_wconf 92' lang='lat'>10</span> <span class='ocrx_word' id='word_1_238' title='bbox 1364 2140 1443 2181; x_wconf 87' lang='lat' dir='ltr'>ego]</span> <span class='ocrx_word' id='word_1_239' title='bbox 1478 2151 1560 2180; x_wconf 86' lang='lat' dir='ltr'>ergo</span> 
     </span>
     <span class='ocr_line' id='line_1_30' title="bbox 233 2181 1563 2224; baseline 0.001 -11"><span class='ocrx_word' id='word_1_240' title='bbox 233 2182 357 2213; x_wconf 71' lang='lat' dir='ltr'>Rosius</span> <span class='ocrx_word' id='word_1_241' title='bbox 440 2187 514 2222; x_wconf 81' lang='lat' dir='ltr'>post</span> <span class='ocrx_word' id='word_1_242' title='bbox 532 2193 673 2221; x_wconf 87' lang='lat' dir='ltr'>quorum</span> <span class='ocrx_word' id='word_1_243' title='bbox 695 2181 770 2212; x_wconf 81' lang='lat' dir='ltr'>add.</span> <span class='ocrx_word' id='word_1_244' title='bbox 794 2187 911 2212; x_wconf 85' lang='lat' dir='ltr'>vocatu</span> <span class='ocrx_word' id='word_1_245' title='bbox 935 2182 984 2212; x_wconf 76' lang='lat' dir='ltr'>vcl</span> <span class='ocrx_word' id='word_1_246' title='bbox 1004 2183 1109 2212; x_wconf 73' lang='lat' dir='ltr'>simile</span> <span class='ocrx_word' id='word_1_247' title='bbox 1127 2182 1209 2221; x_wconf 79' lang='lat' dir='ltr'>quid</span> <span class='ocrx_word' id='word_1_248' title='bbox 1228 2182 1312 2212; x_wconf 74' lang='lat' dir='ltr'>Reid</span> <span class='ocrx_word' id='word_1_249' title='bbox 1430 2194 1466 2213; x_wconf 89' lang='lat'>12</span> <span class='ocrx_word' id='word_1_250' title='bbox 1486 2188 1563 2224; x_wconf 78' lang='lat' dir='ltr'>post</span> 
     </span>
     <span class='ocr_line' id='line_1_31' title="bbox 234 2225 1562 2267; baseline 0 -11"><span class='ocrx_word' id='word_1_251' title='bbox 234 2232 346 2256; x_wconf 80' lang='lat' dir='ltr'>autem</span> <span class='ocrx_word' id='word_1_252' title='bbox 375 2226 432 2256; x_wconf 81' lang='lat' dir='ltr'>dat</span> <span class='ocrx_word' id='word_1_253' title='bbox 456 2226 563 2256; x_wconf 83' lang='lat' dir='ltr'>adhuc</span> <span class='ocrx_word' id='word_1_254' title='bbox 593 2226 624 2255; x_wconf 89' lang='lat' dir='ltr'>id</span> <span class='ocrx_word' id='word_1_255' title='bbox 657 2230 709 2255; x_wconf 82' lang='lat' dir='ltr'>est</span> <span class='ocrx_word' id='word_1_256' title='bbox 739 2225 849 2255; x_wconf 89' lang='lat' dir='ltr'>Nonis</span> <span class='ocrx_word' id='word_1_257' title='bbox 877 2225 904 2256; x_wconf 88' lang='lat' dir='ltr'><em>C</em></span> <span class='ocrx_word' id='word_1_258' title='bbox 927 2226 1102 2266; x_wconf 51' lang='lat' dir='ltr'>(glossema</span> <span class='ocrx_word' id='word_1_259' title='bbox 1131 2230 1168 2255; x_wconf 85' lang='lat' dir='ltr'>ut</span> <span class='ocrx_word' id='word_1_260' title='bbox 1197 2226 1334 2264; x_wconf 77' lang='lat' dir='ltr'>videtur)</span> <span class='ocrx_word' id='word_1_261' title='bbox 1485 2231 1562 2267; x_wconf 80' lang='lat' dir='ltr'>post</span> 
     </span>
     <span class='ocr_line' id='line_1_32' title="bbox 234 2268 1555 2310; baseline 0.001 -11"><span class='ocrx_word' id='word_1_262' title='bbox 234 2269 369 2300; x_wconf 85' lang='lat' dir='ltr'>venturi</span> <span class='ocrx_word' id='word_1_263' title='bbox 396 2269 470 2300; x_wconf 79' lang='lat' dir='ltr'>add.</span> <span class='ocrx_word' id='word_1_264' title='bbox 498 2270 538 2299; x_wconf 88' lang='lat' dir='ltr'>ad</span> <span class='ocrx_word' id='word_1_265' title='bbox 568 2269 687 2299; x_wconf 84' lang='lat' dir='ltr'>Nonas</span> <span class='ocrx_word' id='word_1_266' title='bbox 715 2268 834 2307; x_wconf 73' lang='lat' dir='ltr'>Tyrrell</span> <span class='ocrx_word' id='word_1_267' title='bbox 966 2279 1004 2308; x_wconf 85' lang='lat'>14</span> <span class='ocrx_word' id='word_1_268' title='bbox 1028 2269 1261 2308; x_wconf 81' lang='lat' dir='ltr'>Appianarum</span> <span class='ocrx_word' id='word_1_269' title='bbox 1287 2269 1428 2310; x_wconf 70' lang='lat' dir='ltr'>LipSt&#39;us,</span> <span class='ocrx_word' id='word_1_270' title='bbox 1449 2271 1486 2309; x_wconf 79' lang='lat' dir='ltr'>cf.</span> <span class='ocrx_word' id='word_1_271' title='bbox 1508 2280 1555 2309; x_wconf 85' lang='lat'>15.</span> 
     </span>
     <span class='ocr_line' id='line_1_33' title="bbox 234 2311 1557 2354; baseline 0.002 -12"><span class='ocrx_word' id='word_1_272' title='bbox 234 2323 275 2352; x_wconf 80' lang='lat'>3:</span> <span class='ocrx_word' id='word_1_273' title='bbox 303 2313 461 2342; x_wconf 84' lang='lat' dir='ltr'>itinarum</span> <span class='ocrx_word' id='word_1_274' title='bbox 486 2311 562 2343; x_wconf 85' lang='lat' dir='ltr'>M&#39;:</span> <span class='ocrx_word' id='word_1_275' title='bbox 588 2312 745 2342; x_wconf 86' lang='lat' dir='ltr'>itinerum</span> <span class='ocrx_word' id='word_1_276' title='bbox 769 2311 846 2344; x_wconf 77' lang='lat' dir='ltr'>M2:</span> <span class='ocrx_word' id='word_1_277' title='bbox 871 2311 1084 2343; x_wconf 84' lang='lat' dir='ltr'>Attianarum</span> <span class='ocrx_word' id='word_1_278' title='bbox 1109 2313 1198 2353; x_wconf 80' lang='lat' dir='ltr'>vulg.</span> <span class='ocrx_word' id='word_1_279' title='bbox 1363 2323 1404 2351; x_wconf 86' lang='lat'>23</span> <span class='ocrx_word' id='word_1_280' title='bbox 1429 2313 1557 2354; x_wconf 87' lang='lat' dir='ltr'>calere]</span> 
     </span>
     <span class='ocr_line' id='line_1_34' title="bbox 234 2353 640 2386; baseline -0.002 0"><span class='ocrx_word' id='word_1_281' title='bbox 234 2365 348 2386; x_wconf 82' lang='lat' dir='ltr'>carere</span> <span class='ocrx_word' id='word_1_282' title='bbox 372 2355 471 2386; x_wconf 79' lang='lat' dir='ltr'>Rom.</span> <span class='ocrx_word' id='word_1_283' title='bbox 492 2353 640 2386; x_wconf 77' lang='lat' dir='ltr'>Muretus</span> 
     </span>
    </p>
   </div>
  </div>
 </body>
</html>
