1790 2837
142 120 172 158 1.
190 121 205 158 i
564 123 620 161 M.
652 124 822 161 TVLLI
853 123 1160 163 CICERONIS

194 238 237 270 ut
257 238 383 271 toturn
410 231 659 282 gymnasium
683 234 766 272 eius
797 235 968 286 ἀνάθημα
997 248 1082 274 esse
1105 235 1291 275 videatur.
1353 237 1528 276 Multum

194 303 233 335 te
251 309 441 335 amamus.

235 414 284 451 II
480 419 548 452 Ser.
566 419 694 452 Romae
705 421 809 463 paulo
820 426 896 463 post
910 427 956 464 ep.
978 434 995 455 1
1012 433 1043 455 a.
1066 423 1130 465 689
1149 422 1231 466 (65).

603 509 777 540 CICERO
803 510 985 541 ATTICO
1012 510 1119 542 SAL.

156 612 173 640 1
246 598 289 636 L.
327 597 430 637 Iulio
472 599 653 647 Caesare,
690 600 735 638 C.
771 599 923 638 Marcio
958 599 1097 650 Figulo
1136 599 1365 638 consulibus
1404 599 1563 643 filiolo5

191 675 256 701 me
293 669 454 701 auctum
493 663 592 702 scito
624 665 730 702 salva
763 664 959 703 Terentia.
1033 665 1117 703 Abs
1149 672 1186 703 te
1221 672 1301 704 tam
1331 665 1400 704 diu
1429 665 1526 703 nihil

191 728 428 767 litterarum!
498 730 584 779 Ego
619 730 669 768 de
703 729 801 768 meis
833 731 884 768 ad
923 737 961 768 te
995 730 1212 769 rationibus
1243 730 1380 780 scripsi
1411 738 1526 769 antea

190 794 407 845 diligenter.
468 796 563 834 Hoc
584 802 762 846 tempore
784 796 996 836 Catilinam
1018 797 1319 846 competitorem
1347 804 1525 836 nostrum

190 860 405 899 defendere
444 860 674 910 cogitamus.
753 861 912 900 Iudices
951 862 1144 900 habemus
1179 875 1279 912 quos
1313 862 1524 911 voluimus,

189 937 344 963 summa
382 926 620 965 accusatoris
658 928 871 965 voluntate.
950 929 1083 977 Spero,
1125 926 1157 965 si
1194 928 1400 966 absolutus
1438 927 1518 976 erit,

189 990 502 1030 coniunctiorem
537 991 648 1030 illum
682 992 798 1030 nobis
835 994 917 1031 fore
951 992 991 1030 in
1025 992 1176 1031 ratione
1207 992 1431 1044 petitioni53
1461 993 1521 1032 sin

144 1068 168 1095 2
188 1055 298 1093 aliter
332 1056 529 1104 acciderit,
563 1056 787 1095 humaniter
818 1059 998 1095 feremus.
1075 1059 1166 1096 Tuo
1199 1058 1372 1095 adventu
1405 1057 1519 1096 nobis

188 1134 288 1170 opus
309 1128 367 1159 est
393 1128 572 1169 maturo3
600 1135 693 1160 nam
714 1136 871 1172 prorsus
892 1135 1048 1160 summa
1068 1122 1277 1160 hominum
1298 1130 1356 1160 est
1383 1122 1519 1172 opinio

187 1193 276 1224 tuos
310 1186 508 1224 familiaris
543 1186 689 1225 nobilis
719 1187 902 1225 homines
936 1186 1178 1225 adversarios
1210 1186 1351 1224 honori
1383 1195 1517 1225 nostro

186 1252 280 1290 fore.
339 1253 405 1290 Ad
425 1265 561 1291 eorum
584 1254 828 1290 voluntatem
851 1252 947 1290 mihi
974 1252 1266 1290 conciliandam
1287 1251 1460 1290 maximo
1480 1259 1518 1290 te

186 1316 283 1354 mihi
312 1316 400 1355 usui
430 1319 513 1356 fore
531 1317 671 1356 -video.
732 1319 823 1368 Qua
853 1331 894 1356 re
926 1318 1109 1357 Ianuario
1130 1331 1276 1365 mense,
1305 1324 1348 1356 ut
1379 1318 1520 1356 consti-

186 1381 303 1428 tuisti,
327 1395 420 1420 cura
439 1389 481 1422 ut
502 1384 657 1422 Romae
677 1381 739 1421 sis.

228 1509 302 1545 ῙῙῙ
590 1512 660 1546 Ser.
678 1513 807 1545 Romae
822 1525 868 1545 ex.
889 1525 920 1546 α.
939 1515 1003 1554 687
1021 1514 1104 1556 (67).

589 1602 761 1633 CICERO
784 1602 966 1634 ATTICO
989 1601 1097 1634 SAL.

146 1706 163 1733 1
237 1691 379 1730 Aviam
413 1699 521 1731 tuam
557 1691 655 1731 scito
680 1692 877 1731 desiderio
905 1692 961 1731 tui
993 1699 1188 1731 mortuam
1219 1705 1304 1731 esse
1334 1699 1372 1731 et
1399 1692 1514 1731 simul

1544 946 1584 969 10

1536 1707 1576 1730 20

182 1751 291 1807 quod
320 1756 440 1796 verita
470 1757 518 1796 sit
548 1771 597 1796 ne
630 1757 794 1796 Latinae
827 1757 867 1795 in
897 1758 1027 1796 officio
1058 1772 1139 1796 non
1174 1766 1377 1796 manerent
1407 1765 1444 1796 et
1474 1758 1514 1797 in
1554 1774 1558 1777 ’

181 1830 358 1861 montem
383 1824 586 1861 Albanum
615 1823 762 1862 hostias
792 1838 872 1862 non
902 1824 1156 1862 adducerent.
1217 1823 1312 1861 Eius
1341 1823 1394 1861 rei
1424 1837 1514 1861 con-

137 1897 162 1925 2
181 1887 415 1926 solationem
435 1889 486 1926 ad
507 1895 545 1927 te
568 1889 610 1926 L.
635 1888 836 1927 Saufeium
859 1888 1068 1926 missurum
1089 1901 1174 1926 esse
1194 1887 1367 1926 arbitror.
1428 1889 1513 1926 Nos

180 1951 244 1990 hic
283 1959 321 1990 te
358 1953 409 1991 ad
448 1966 626 1991 mensem
668 1953 896 1991 Ianuarium
936 1960 1207 2003 exspectamus
1252 1966 1298 1990 ex
1337 1953 1511 2002 quodam

179 2030 335 2056 rumore
354 2031 405 2056 an
426 2031 472 2056 ex
492 2018 628 2057 litteris
650 2018 726 2056 tuis
747 2019 797 2056 ad
825 2018 922 2056 alios
944 2018 1070 2056 missis
1086 2032 1096 2066 3
1125 2031 1216 2056 nam
1237 2018 1287 2056 ad
1309 2031 1371 2056 me
1392 2018 1442 2056 de
1463 2031 1510 2056 eo

226 2132 239 2153 1
266 2123 338 2153 eius
361 2121 504 2163 ἀνάθημα
521 2122 668 2154 Sclzz'c'lz:
701 2123 770 2154 eiut
797 2128 941 2154 avaOma
965 2122 1021 2155 M:
1057 2122 1121 2152 eliu
1148 2123 1312 2153 onaohma
1341 2121 1384 2152 C:
1416 2121 1510 2161 ἡλίου

178 2165 324 2205 ἀνάθημα
357 2167 468 2207 vulga
509 2167 593 2197 deae
627 2166 772 2206 ἀνάθημα
807 2166 950 2197 Gurlstt:
989 2165 1082 2204 ἡλίου
1113 2165 1240 2203 ἄναμμα
1271 2167 1350 2196 com'.
1390 2165 1512 2204 Tyrrell

177 2219 196 2248 5
219 2213 292 2249 post
315 2211 510 2240 consulibus
534 2209 609 2241 add.
637 2210 826 2248 designatis
851 2210 1012 2243 Schmidt,
1030 2210 1111 2248 sort.
1140 2213 1214 2239 recle
1237 2221 1312 2239 cum
1339 2209 1463 2239 Caesar
1481 2212 1511 2239 et

177 2253 319 2293 Figulus
340 2254 469 2291 fitert‘nt
493 2254 639 2284 consules
666 2254 751 2284 (mni
773 2254 836 2293 690
864 2254 952 2293 (64).
994 2253 1141 2283 Nomina
1167 2254 1337 2283 consulum
1363 2256 1431 2283 tam
1459 2252 1510 2282 ln'c

177 2307 281 2335 qnam
300 2297 458 2336 adfinem
475 2302 543 2336 epp.
564 2308 610 2336 12,
632 2308 676 2337 15,
694 2299 744 2337 13,
767 2297 822 2327 uhi
844 2297 953 2327 solum
981 2298 1095 2337 (neque
1119 2297 1208 2326 amm
1236 2297 1378 2326 consules
1401 2295 1505 2325 nomi-

177 2343 307 2369 nantur
329 2344 365 2369 nt
387 2341 543 2379 epistulae
557 2340 653 2371 datae
674 2344 803 2380 tempus
826 2340 991 2378 imlicemr,
1011 2351 1115 2370 manu
1137 2340 1301 2370 recenlt'ore
1316 2339 1426 2370 addila
1442 2349 1506 2370 esse

175 2383 362 2424 suspicatur
377 2383 498 2414 Gm-lz'tt
629 2395 650 2424 9
673 2384 842 2415 voluimus
858 2389 886 2414 Δ
906 2384 992 2415 Crat.
1013 2395 1020 2414 ε
1043 2384 1197 2414 volumus
1215 2387 1239 2415 Σ

1772 1523 1782 1610 ..ι-..μω
1776 1475 1777 1478 Α
1775 1412 1778 1424 -
