1790 2837
598 478 1119 533 PRAEFATIO

248 651 504 690 CICERONEM
544 651 594 689 de
633 650 808 700 epistulis
848 649 927 688 suis
962 650 1127 688 edendis
1161 651 1293 689 adhuc
1323 649 1520 688 viventem

195 715 386 766 cogitasse
413 716 496 766 ipse
523 715 637 754 nobis
667 715 858 754 indicium
884 714 977 753 fecit
1007 715 1074 766 (ad
1094 717 1175 752 Att.
1204 715 1276 753 xvi.
1306 727 1337 765 5.
1370 714 1424 765 5),
1451 715 1521 752 sed

195 793 274 830 quo
301 781 431 819 minus
458 780 703 831 propositum
731 787 1006 830 exsequeretur
1035 788 1281 830 praematura
1307 793 1410 818 mors
1438 793 1522 829 pro-

195 845 333 884 hibuit.
393 847 471 884 Sed
500 846 668 893 Atticus,
698 845 901 885 Ciceronis
931 845 1270 893 familiarissimus,
1289 846 1411 884 homo
1438 844 1522 883 dili-

194 923 290 960 gens
311 910 539 961 ordinisque
560 910 819 949 conservandi
843 909 1055 957 studiosus,
1078 923 1233 948 summa
1258 923 1351 948 cura
1378 911 1520 947 multas

195 975 311 1014 amici
345 976 531 1026 epistulas
563 976 603 1014 in
635 975 826 1014 thesauris
861 975 940 1014 suis
975 975 1225 1014 custodiebat
1255 988 1420 1025 quarum
1453 988 1522 1013 un-

196 1041 326 1080 decim
360 1041 562 1080 volumina
597 1041 673 1079 iam
704 1040 854 1079 viderat
883 1042 1020 1091 Nepos
1051 1041 1148 1092 <Ate
1186 1040 1249 1091 16)
1280 1048 1318 1079 et
1347 1041 1521 1090 quodam

197 1107 319 1145 modo
339 1114 570 1145 excusserat.
630 1108 785 1144 Tamen
806 1105 868 1143 vix
892 1105 1079 1144 credibile
1104 1113 1161 1143 est
1189 1105 1366 1144 Atticum
1392 1105 1521 1155 ipsum

198 1173 267 1209 has
306 1171 493 1221 epistulas
539 1171 737 1210 edidisse:
781 1184 918 1221 parum
957 1170 1062 1209 enim
1101 1170 1246 1220 gloriae
1285 1178 1323 1209 et
1362 1169 1522 1209 honoris

199 1236 382 1276 Ciceroni
410 1238 561 1275 adferre
590 1243 771 1286 poterant
799 1236 907 1285 apud
936 1235 1117 1273 homines
1148 1249 1273 1285 nuper
1298 1235 1337 1272 in
1372 1235 1522 1273 eisdem

198 1301 314 1340 rebus
334 1301 501 1351 publicis
520 1308 703 1348 versatos,
727 1308 764 1339 et
785 1300 846 1338 vix
866 1299 945 1338 veri
965 1300 1091 1338 simile
1111 1307 1169 1339 est
1190 1299 1392 1338 hominem
1413 1299 1521 1337 illum

199 1366 266 1415 qui
297 1373 445 1404 tantam
484 1366 600 1404 rebus
634 1378 767 1404 curam
801 1364 1057 1415 impendebat
1089 1365 1343 1415 plurimarum
1382 1364 1524 1414 epistu—

198 1432 321 1469 larum
352 1431 531 1469 ordinem
562 1438 641 1468 tam
672 1429 912 1480 negligenter
939 1429 1064 1480 (quod
1095 1430 1256 1479 quidem
1287 1431 1337 1468 ad
1367 1437 1522 1479 tempus

200 1509 279 1545 quo
309 1509 491 1546 quaeque
520 1496 612 1535 data
642 1494 689 1533 sit
718 1493 874 1544 attinet)
896 1507 1015 1543 quam
1046 1494 1085 1532 in
1115 1493 1221 1532 libris
1248 1493 1412 1532 traditur
1432 1506 1524 1532 con-

198 1561 422 1599 stituturum
443 1560 573 1598 fuisse.
633 1561 774 1608 Itaque
792 1558 1011 1597 Fridericus
1033 1560 1128 1607 Leo,
1148 1558 1205 1596 vir
1225 1557 1478 1597 doctissimus
1494 1559 1519 1605 ¹,

199 1626 281 1665 iure
310 1634 479 1664 statuere
500 1625 653 1664 videtur
682 1623 815 1662 multis
844 1623 957 1662 annis
987 1632 1075 1674 post
1096 1623 1218 1662 Attici
1242 1630 1420 1669 mortem,
1443 1622 1521 1661 iam

199 1694 379 1741 Augusto
418 1698 456 1729 et
494 1689 656 1729 Tiberio
695 1688 870 1736 mortuis,
911 1688 1034 1727 Attici
1072 1688 1275 1727 volumina
1313 1687 1351 1725 in
1383 1700 1522 1726 manus

199 1755 411 1795 redactoris
450 1755 656 1794 cuiusdam
688 1753 853 1801 venisse,
889 1753 957 1804 qui
995 1753 1166 1803 demptis
1205 1752 1393 1803 postremi
1430 1752 1523 1790 anni

199 1820 300 1859 vitae
320 1820 523 1860 Ciceronis
544 1819 722 1870 epistulis
752 1826 790 1857 et
810 1820 973 1857 fortasse
1002 1818 1146 1857 additis
1166 1818 1250 1856 aliis
1271 1831 1372 1867 quae
1388 1825 1526 1867 postea

200 1885 381 1924 inventae
401 1892 511 1924 erant
531 1883 704 1923 sedecim
725 1883 972 1922 voluminum
989 1896 1090 1933 quae
1110 1882 1225 1921 nobis
1246 1882 1366 1921 hodie
1379 1889 1525 1920 restant

199 1963 340 2001 corpus
361 1949 540 2000 explevit.
600 1948 750 1999 Insigni
771 1962 885 1998 porro
913 1947 1093 1987 doctrina
1117 1947 1250 1986 statuit
1270 1949 1354 1986 Leo
1374 1946 1525 1985 circiter

199 2029 347 2053 annum
377 2014 662 2065 sexagesimum
693 2020 781 2063 post
811 2012 1013 2052 Christum
1043 2020 1179 2051 natum
1209 2013 1285 2050 hoc
1315 2025 1413 2062 opus
1444 2025 1525 2061 per-

200 2081 345 2119 fectum
377 2093 462 2118 esse
496 2086 535 2118 et
570 2078 767 2128 Epistulas
798 2079 850 2116 ad
884 2076 1062 2115 Atticum
1096 2076 1246 2126 publici
1277 2076 1368 2114 iuris
1403 2078 1524 2114 factas

200 2158 308 2183 esse:
337 2158 428 2182 nam
450 2143 656 2190 Asconius,
680 2143 885 2193 indagator
913 2156 1041 2180 rerum
1070 2143 1121 2180 ad
1149 2141 1384 2181 Ciceronem
1411 2140 1526 2190 perti·

200 2209 378 2248 nentium
407 2209 638 2255 indefessus,
661 2208 729 2258 qui
759 2207 911 2258 scripsit
941 2207 1043 2245 circa
1072 2207 1254 2257 quintum
1275 2214 1313 2244 et
1334 2205 1526 2256 quinqua-

242 2311 253 2330 ¹
279 2312 339 2342 Die
351 2312 558 2342 Publikation
577 2322 638 2342 von
658 2311 779 2342 Ciceros
794 2309 924 2348 Bricsen
941 2321 985 2340 an
1002 2310 1133 2340 Atticus
1149 2310 1180 2339 in
1201 2309 1248 2339 ‘N
1253 2309 1448 2340 achrichten
1467 2309 1527 2339 der

200 2356 280 2395 phil.
296 2356 373 2387 hist.
387 2356 510 2387 Klasse
523 2356 583 2386 der
596 2355 637 2386 K.
653 2354 879 2386 Gesellschaft
891 2355 952 2385 der
963 2353 1257 2385 wissenschaften
1268 2363 1308 2383 zu
1321 2352 1523 2392 Gottingen'

204 2401 295 2439 1895.
