1817 2832
188 850 227 872 10

190 1594 230 1616 20

638 140 750 178 EPP.
782 141 860 177 AD
890 140 1151 179 ATTICVM
1515 140 1584 177 IV.
1601 139 1646 176 ix

241 259 368 302 agant,
411 251 506 301 quid
550 250 732 300 cogitent.
811 252 895 290 Nos
934 250 998 289 hic
1040 264 1131 289 cum
1177 250 1367 301 Pompeio
1412 249 1566 288 fuimus.

243 318 372 354 Multa
393 329 548 354 mecum
573 317 623 354 de
648 330 687 354 re
714 315 873 366 publica
897 329 990 354 sane
1018 315 1091 354 sibi
1121 315 1343 365 displicens,
1366 322 1409 353 ut
1438 316 1570 364 loque-

241 381 355 418 batur
395 380 466 431 (sic
505 388 562 418 est
601 380 707 419 enim
746 380 786 418 in
826 382 901 419 hoc
941 380 1101 419 homine
1141 379 1385 430 dicendum),
1422 379 1569 429 Syriam

243 458 441 495 spernens,
477 445 713 495 Hispaniam
744 445 904 492 iactans,
936 445 1000 483 hic
1035 458 1204 495 quoque,
1237 453 1279 483 ut
1313 445 1570 494 loquebatur3

243 517 281 547 et
302 509 442 560 opinor
462 524 587 559 usque
608 524 775 559 quaque,
799 512 849 548 de
870 511 947 548 hoc
967 524 1058 548 curn
1079 509 1267 556 dicemus,
1292 510 1340 548 sit
1361 511 1437 548 hoc
1460 508 1570 559 quasi

244 575 303 612 καὶ
331 575 412 612 τόδε
436 575 660 613 Φωκυλίδου.
719 575 811 613 Tibi
839 575 956 613 etiam
987 574 1127 624 gratias
1156 576 1296 625 agebat
1326 575 1434 625 quod
1463 575 1573 624 signa

244 641 527 690 componenda
562 639 799 690 suscepisses
815 654 824 687 3
867 639 907 677 in
939 653 1011 678 nos
1041 653 1133 678 vero
1160 639 1387 678 suavissime
1414 639 1571 677 hercule

245 712 302 742 est
323 706 478 742 effusus.
537 704 657 742 Venit
683 704 801 742 etiam
828 705 879 742 ad
907 718 969 742 me
994 704 1033 741 in
1062 705 1287 743 Cumanum
1308 718 1331 742 a
1350 718 1402 742 se.
1462 703 1572 741 Nihil

245 769 374 807 minus
409 770 508 807 velle
547 769 643 806 mihi
674 769 778 807 visus
817 776 875 821 est
910 782 1028 818 quam
1062 770 1289 807 Messallam
1322 770 1570 807 consulatum

244 842 386 885 petere.
448 835 510 871 De
530 847 609 883 quo
630 833 716 884 ipso
737 833 768 871 si
789 833 885 882 quid
906 833 980 871 scis
1001 832 1116 871 velim
1139 833 1246 872 scire.

300 899 422 946 Quod
447 897 619 936 Lucceio
649 897 785 936 scribis
815 905 853 935 te
882 905 1055 936 nostram
1084 897 1246 947 gloriam
1276 898 1571 936 commendatu-
1589 902 1613 930 2

244 976 331 1000 rum
369 970 408 1000 et
445 961 670 1000 aedificium
705 970 881 1000 nostrum
916 963 1025 1011 quod
1059 962 1196 1001 crebro
1227 962 1369 1008 invisis,
1406 970 1568 1012 gratum.

247 1027 420 1075 Quintus
447 1028 562 1064 frater
587 1027 639 1065 ad
670 1040 732 1065 me
759 1026 911 1077 scripsit
938 1040 989 1073 se,
1014 1026 1201 1076 quoniam
1229 1026 1463 1066 Ciceronem
1491 1039 1574 1064 sua-

245 1092 448 1130 vissimum
487 1099 618 1130 tecum
657 1092 831 1138 haberes,
865 1092 917 1129 ad
955 1099 992 1130 te
1032 1092 1159 1130 Nonis
1198 1092 1316 1130 Maiis
1354 1099 1570 1129 venturum.

249 1159 334 1207 Ego
364 1170 427 1195 me
456 1158 506 1195 de
537 1158 720 1196 Cumano
750 1155 856 1194 movi
884 1163 976 1194 ante
1005 1156 1111 1195 diem
1141 1169 1166 1194 V
1194 1158 1283 1194 Kal.
1317 1156 1453 1194 Maias.
1515 1157 1574 1194 Eo

246 1222 311 1262 die
333 1222 501 1273 Neapoli
521 1223 628 1273 apud
650 1224 825 1261 Paetum.
884 1224 989 1260 Ante
1016 1222 1122 1261 diem
1145 1233 1207 1259 1111
1231 1222 1319 1260 Kal.
1344 1220 1470 1259 Maias
1491 1220 1574 1259 iens

248 1287 289 1325 in
310 1287 598 1338 Pompeianum
620 1287 722 1326 bene
742 1301 858 1326 mane
878 1288 975 1326 haec
996 1286 1142 1338 scripsi.

290 1404 333 1439 X
542 1406 611 1439 Ser.
630 1407 664 1438 1⁶12
683 1407 836 1439 Cumano
852 1408 888 1439 ix
901 1407 946 1440 K.
966 1407 1046 1440 Mai.
1067 1418 1095 1439 a.
1115 1409 1178 1449 699
1196 1406 1281 1449 (Π).

660 1490 830 1522 CICERO
852 1490 1034 1522 ATTICO
1056 1489 1162 1522 SAL.

302 1572 476 1612 Puteolis
507 1586 673 1623 magnus
702 1581 761 1612 est
789 1587 921 1612 rumor
951 1574 1226 1611 Ptolomaeum
1256 1585 1341 1611 esse
1370 1571 1409 1610 in
1441 1585 1571 1621 regno.
1592 1578 1610 1605 1

248 1637 288 1677 Si
318 1637 413 1688 quid
441 1637 564 1676 habes
594 1637 735 1676 certius
759 1638 876 1676 velim
901 1637 1009 1676 scire.
1070 1640 1155 1687 Ego
1182 1637 1246 1675 hic
1275 1650 1414 1687 pascor
1438 1637 1577 1675 biblio-

248 1704 363 1741 theca
382 1702 526 1741 Fausti.
587 1704 767 1741 Fortasse
794 1710 835 1741 tu
862 1704 1030 1752 putabas
1058 1702 1118 1741 his
1145 1702 1261 1741 rebus
1287 1701 1511 1740 Puteolanis
1539 1709 1577 1740 et

249 1766 568 1805 Lucrinensibus.
628 1768 692 1805 Ne
718 1767 791 1805 ista
817 1767 979 1817 quidem
1007 1769 1160 1806 desunt.
1222 1768 1300 1805 Sed
1330 1780 1393 1804 me
1420 1767 1576 1804 hercule

249 1837 295 1869 nt
311 1845 333 1870 a
353 1831 490 1869 ceteris
518 1831 850 1870 oblectationibus
877 1833 1036 1870 deseror
1057 1830 1127 1884 [et]
1150 1833 1395 1881 voluptatum
1421 1839 1578 1881 propter

213 1915 229 1945 5
250 1910 331 1934 rem
360 1896 571 1947 publicam,
595 1896 650 1935 sic
679 1896 814 1935 litteris
844 1904 1041 1935 sustentor
1069 1905 1108 1936 et
1138 1911 1290 1936 recreor
1320 1898 1504 1946 maloque
1537 1897 1576 1935 in

250 1962 314 2000 illa
335 1970 400 2000 tua
421 1963 604 2000 sedecula
625 1975 743 2012 quarn
760 1962 882 2000 habes
903 1963 976 2001 sub
1004 1962 1173 2012 imagine
1194 1962 1415 2000 Aristotelis
1443 1963 1577 2000 sedere

251 2040 368 2076 quam
398 2026 437 2063 in
468 2026 630 2065 istorum
660 2028 754 2065 sella
782 2027 905 2065 curuli
936 2035 1147 2077 tecumque
1176 2029 1282 2077 apud
1311 2035 1348 2065 te
1377 2027 1577 2065 ambulare

251 2104 370 2140 quarn
401 2104 491 2128 cum
522 2104 570 2129 eo
599 2104 772 2140 quocum
801 2091 918 2130 video
948 2105 1032 2130 esse
1061 2093 1359 2130 ambulandum.
1420 2093 1497 2130 Sed
1527 2093 1577 2130 de

295 2204 314 2231 4
340 2194 469 2224 iactans
484 2196 556 2224 vett.
573 2204 580 2224 ε
604 2194 734 2225 laetans
752 2194 794 2224 M
852 2196 913 2225 hoc
931 2194 1017 2225 Reid
1102 2196 1122 2224 8
1148 2196 1334 2226 Cumanum
1353 2205 1369 2224 a
1389 2205 1434 2225 se.
1486 2194 1575 2224 Nihil

252 2236 347 2268 Man.
363 2249 369 2267 z
396 2237 582 2267 Cumanum
599 2242 632 2267 at
648 2238 674 2267 si
694 2239 777 2268 nihil
794 2238 881 2269 codd.
997 2249 1037 2268 22
1062 2244 1197 2277 putaras
1220 2238 1408 2277 [Veseubetg
1478 2239 1576 2268 rebus

251 2280 351 2319 codd,
371 2280 407 2319 cf
428 2280 509 2310 Hor.
527 2279 598 2311 Sat.
617 2281 649 2310 ii.
667 2282 697 2311 6.
728 2291 781 2311 111
799 2292 806 2312 t
832 2282 955 2312 ostreis
977 2281 1114 2311 Vrsinus
1233 2292 1273 2320 24
1300 2286 1335 2311 ut
1359 2281 1434 2312 add.
1459 2281 1577 2311 Bosz'ns

253 2328 285 2353 et
311 2334 374 2354 om.
405 2323 533 2362 Rosius,
554 2323 634 2361 sorl.
663 2334 701 2353 ex
720 2329 824 2364 praec.
852 2329 886 2354 ut
910 2329 1018 2355 ortum
1051 2329 1095 2355 es!
1282 2325 1436 2363 propterl
1470 2335 1574 2364 prope

253 2367 366 2397 taedet
383 2365 559 2397 Lehmann
579 2368 708 2408 (taedet
725 2368 792 2398 iam
809 2367 949 2408 Kayser)
1083 2378 1123 2407 25
1148 2367 1211 2408 sic]
1232 2367 1297 2399 Hic
1313 2368 1391 2398 coni.
1413 2367 1537 2398 Miiller
