1817 2832
639 128 752 166 EPP.
783 129 862 166 AD
889 128 1149 168 ATTICVM
1535 127 1604 166 IV.
1627 128 1720 165 xvii

263 240 458 278 offensura
484 238 533 278 sit
547 253 558 288 3
591 253 692 290 quae
721 246 873 278 tanturn
903 240 1051 278 habent
1079 238 1352 290 mysteriorum
1379 246 1422 278 ut
1447 253 1513 278 eas
1540 252 1591 278 ne

263 304 425 343 librariis
442 304 604 354 quidem
625 306 703 343 fere
724 304 1028 351 committamus,
1048 304 1248 353 †lepidum
1264 317 1345 354 quo
1366 303 1554 345 excidat†.

317 371 512 408 Consules
540 371 701 420 flagrant
729 369 889 407 infamia
916 370 1024 419 quod
1046 370 1090 408 C.
1115 368 1331 407 Memmius
1355 369 1590 408 candidatus
1608 376 1634 405 2

262 434 487 485 pactionem
514 433 554 472 in
581 442 718 473 senatu
746 434 920 472 recitavit
940 447 1058 483 quam
1083 433 1166 483 ipse
1185 440 1223 472 et
1239 448 1331 472 suus
1356 434 1591 484 competitor

224 511 242 543 5
264 499 464 538 Domitius
486 512 576 537 cum
598 499 826 537 consulibus
848 498 1002 536 fecisset
1029 498 1085 536 uti
1105 498 1225 536 ambo
1248 500 1318 536 HS
1341 500 1593 549 quadragena

263 563 492 602 consulibus
528 564 675 610 darent,
714 563 746 601 si
781 570 911 601 essent
945 562 1019 612 ipsi
1057 563 1239 601 consules
1278 563 1379 610 facti,
1416 563 1491 601 nisi
1524 562 1592 601 tris

263 641 427 678 augures
454 627 656 676 dedissent
683 627 750 677 qui
779 641 820 665 se
846 627 1017 665 adfuisse
1044 626 1220 665 dicerent
1241 640 1332 665 cum
1359 629 1420 666 lex
1446 626 1594 666 curiata

263 694 433 740 ferretur,
458 706 558 742 quae
585 694 663 730 lata
689 706 770 731 non
798 700 909 738 esset,
933 700 971 730 et
991 693 1072 730 duo
1095 691 1311 730 consularis
1334 691 1402 742 qui
1429 705 1470 730 se
1491 691 1593 731 dice-

263 765 349 795 rent
370 757 410 795 in
430 757 615 796 ornandis
636 756 846 807 provinciis
873 756 1143 794 consularibus
1168 756 1380 795 scribendo
1406 756 1592 805 adfuisse,

207 837 246 860 10
265 835 355 860 cum
384 821 547 860 omnino
575 835 624 860 ne
652 829 809 860 senatus
831 821 991 871 quidem
1018 821 1164 859 fuisset.
1225 823 1339 859 Haec
1359 820 1489 871 pactio
1509 834 1591 860 non

264 887 392 925 verbis
422 888 491 925 sed
522 886 750 925 nominibus
777 894 815 925 et
835 885 1181 936 perscriptionibus
1209 887 1421 924 multorum
1448 886 1592 924 tabulis

264 965 355 990 cum
383 965 467 990 esse
495 953 596 989 facta
623 951 827 998 diceretur,
849 953 1000 1001 prolata
1022 964 1045 989 a
1066 950 1261 989 Memmio
1285 958 1343 988 est
1363 950 1592 989 nominibus

264 1015 435 1054 inductis
465 1024 624 1055 auctore
653 1016 854 1066 Pompeio.
916 1016 997 1054 Hic
1016 1015 1169 1066 Appius
1197 1023 1278 1054 erat
1305 1015 1420 1053 idem.
1481 1015 1591 1053 Nihil

265 1093 358 1119 sane
393 1081 572 1119 iacturae.
633 1082 841 1120 Cor-ruerat
872 1082 969 1119 alter
1001 1088 1039 1119 et
1072 1082 1188 1130 plane
1226 1080 1388 1130 inquam
1424 1079 1587 1119 iacebat.

205 1158 243 1191 15
266 1146 481 1184 Memmius
515 1154 647 1185 autem
681 1146 875 1196 dirempta
908 1145 1078 1184 coitione
1116 1145 1239 1183 invito
1274 1145 1440 1184 Calvino
1474 1146 1634 1195 plane3

264 1211 459 1250 refrixerat
485 1219 523 1249 et
546 1225 594 1249 eo
621 1210 743 1261 magis
771 1224 877 1248 nunc
903 1217 1008 1248 totus
1031 1209 1131 1248 iacet
1156 1211 1264 1259 quod
1291 1208 1368 1247 iam
1396 1209 1592 1259 intellege·
1612 1208 1711 1259 (XVI.
1736 1205 1776 1259 6)

265 1277 404 1314 bamus
427 1276 739 1314 enuntiationem
762 1275 866 1313 illam
886 1274 1052 1312 Memmi
1067 1275 1181 1312 valde
1198 1273 1354 1313 Caesari
1372 1273 1588 1324 displicere.

266 1342 452 1379 Messalla
487 1349 619 1379 noster
657 1349 695 1379 et
728 1340 811 1378 eius
848 1339 1045 1378 Domitius
1083 1338 1318 1388 competitor
1349 1338 1517 1376 liberalis
1551 1338 1592 1377 in

266 1408 414 1456 populo
453 1407 567 1444 valde
605 1405 686 1443 suit.
752 1404 860 1442 Nihil
898 1403 1051 1454 gratius.
1113 1402 1219 1442 Certi
1253 1410 1362 1441 erant
1396 1404 1588 1441 consules.

206 1484 248 1508 20
266 1473 319 1508 At
342 1478 498 1509 senatus
521 1470 692 1509 decrevit
713 1477 755 1508 ut
777 1470 935 1508 tacitum
963 1468 1152 1507 iudicium
1180 1475 1271 1506 ante
1298 1467 1458 1506 comitia
1483 1469 1592 1506 fieret

265 1536 316 1574 ab
346 1535 391 1573 iis
422 1535 594 1574 consiliis
627 1549 728 1585 quae
759 1542 867 1573 erant
896 1548 942 1571 ex
971 1533 1154 1572 omnibus
1185 1532 1319 1571 sortita
1348 1532 1388 1570 in
1418 1532 1592 1582 singulos

264 1601 508 1639 candidatos.
575 1602 745 1650 Magnus
785 1599 900 1637 timor
937 1598 1249 1637 candidatorum.
1313 1598 1391 1636 Sed
1429 1597 1591 1647 quidam

263 1666 423 1713 iudices,
451 1666 490 1704 in
519 1665 578 1703 his
609 1665 803 1716 Opimius,
825 1664 1005 1711 Veiento,
1036 1663 1215 1710 Rantius,
1245 1662 1422 1700 tribunos
1452 1663 1502 1711 pl.
1528 1675 1593 1712 ap-

263 1732 465 1780 pellarunt,
483 1744 532 1769 ne
554 1730 702 1768 iniussu
725 1729 861 1779 populi
883 1729 1108 1767 iudicarent.
1174 1729 1254 1765 Res
1275 1726 1403 1774 cedit3
1433 1726 1590 1765 comitia

206 1809 244 1840 25
264 1795 383 1833 dilata
403 1809 449 1833 ex
471 1803 627 1833 senatus
650 1796 831 1832 consulto
853 1795 948 1832 dum
965 1795 1026 1831 lex
1041 1794 1091 1831 de
1111 1791 1231 1830 tacito
1252 1791 1398 1829 iudicio
1419 1792 1588 1829 ferretur.

264 1860 383 1898 Venit
410 1859 484 1909 legi
511 1859 605 1898 dies.
666 1858 873 1897 Terentius
901 1857 1128 1896 intercessit.
1188 1857 1382 1896 Consules
1404 1855 1470 1905 qui
1495 1855 1592 1894 illud

264 1925 338 1963 levi
372 1925 556 1963 bracchio
591 1924 760 1974 egissent
791 1938 872 1962 rem
910 1925 961 1961 ad
1001 1930 1180 1961 senatum
1215 1923 1449 1960 detulerunt.
1510 1920 1591 1959 Hic

309 2039 328 2058 2
353 2028 526 2067 Lepidum.
542 2039 608 2067 quo
622 2038 676 2058 res
688 2026 914 2058 cadatLamb.
929 2026 1117 2066 ll'csenbmg
1127 2025 1198 2065 (sed
1210 2026 1238 2056 is
1255 2024 1395 2056 recidatl
1410 2036 1416 2055 :
1441 2023 1591 2063 lepidum

265 2072 343 2110 quid
362 2082 404 2101 ne
427 2082 491 2110 quo
519 2072 652 2101 excidat
680 2071 814 2110 Tyrrell:
854 2081 896 2100 ne
924 2070 1004 2108 quid
1032 2079 1176 2107 unquam
1199 2069 1332 2099 excidat
1359 2068 1512 2098 Slarker:
1547 2078 1590 2098 ne

265 2115 345 2153 quid
363 2116 474 2153 aliquo
492 2115 625 2144 excidat
642 2113 766 2144 Mztiller
873 2125 891 2151 4
917 2118 949 2143 et
967 2112 1042 2142 add.
1062 2112 1154 2143 Man.
1269 2122 1288 2151 5
1313 2112 1476 2142 fecissent
1493 2110 1588 2142 Man.

266 2159 286 2187 6
310 2158 388 2197 nisi]
410 2157 526 2187 malim
546 2158 573 2186 si
716 2167 732 2195 7
758 2157 813 2196 qui
831 2167 867 2186 se
884 2156 953 2186 edd.
971 2167 978 2185 :
1002 2157 1058 2194 qui
1075 2155 1170 2194 sequi
1187 2166 1225 2186 se
1244 2155 1284 2184 Μ
1445 2165 1484 2184 10
1510 2154 1590 2184 suis—

266 2205 319 2231 set
334 2205 357 2231 Σ
371 2200 597 2239 (prirrlerElP
616 2211 623 2230 :
646 2200 808 2230 adfuisset
826 2199 866 2228 M
954 2201 992 2228 16
1009 2203 1097 2228 totus
1112 2199 1199 2228 iacet
1211 2198 1298 2228 Reid
1307 2198 1372 2228 coll.
1386 2196 1515 2228 Murem.
1530 2207 1590 2235 30:

266 2244 400 2274 cociace
419 2243 477 2273 M:
503 2244 565 2273 hoc
591 2243 720 2273 iaccbat
743 2244 821 2273 coni.
854 2242 1057 2282 lVesenheag:
1085 2243 1146 2271 hoc
1172 2241 1256 2271 iacet
1274 2240 1462 2270 Mommsen
1553 2250 1591 2279 19

266 2287 426 2326 populum
446 2287 562 2317 Lamh,
757 2296 794 2315 21
822 2290 920 2316 erunt
938 2296 980 2315 cx
996 2285 1150 2315 omnibus
1166 2284 1313 2323 Kayser:
1337 2294 1402 2315 om.
1421 2294 1463 2313 ex
1480 2283 1591 2314 codd.:

256 2331 338 2368 fort,
363 2330 518 2360 omnibus
542 2329 820 2369 transponendmn
846 2333 920 2358 ante
941 2339 1026 2368 quae
1053 2332 1147 2358 erant
1303 2337 1343 2365 24
1369 2327 1457 2357 cedit
1481 2326 1592 2358 Arm:

268 2374 347 2403 cidit
364 2372 452 2402 MZ:
479 2373 599 2403 cecidit
615 2372 756 2413 Madvtg
886 2383 925 2411 27
951 2371 1137 2402 retulerunt
1159 2370 1349 2411 lVesenberg
