1817 2832
581 138 693 176 EPP.
726 137 803 174 AD
833 135 1093 175 ATTICVM
1501 131 1549 169 V.
1572 128 1680 167 xviii

219 251 460 288 frumentum
493 262 540 287 ex
573 248 672 299 agris
711 248 751 286 in
785 250 872 287 loca
902 253 986 286 tuta
1019 251 1295 296 comportatur.
1360 243 1400 283 Si
1433 241 1548 282 fuerit

219 313 385 360 occasio,
418 326 548 359 manu,
580 313 611 351 si
650 313 790 360 minus,
821 312 918 351 locis
951 325 1024 350 nos
1057 311 1327 349 defendemus.
1388 309 1480 357 Qua
1508 321 1547 346 re
1567 315 1590 353 3

220 379 327 417 bono
353 378 486 417 animo
513 391 564 416 es.
623 378 753 417 Video
782 377 887 416 enim
917 384 956 415 te
984 383 1033 424 et,
1056 375 1167 425 quasi
1196 388 1327 414 coram
1357 372 1472 419 adsis,
1495 371 1548 410 ita

219 456 337 482 cerno
358 443 589 493 σνμπάθειαν
607 442 750 481 amoris
771 442 837 480 tui.
897 442 975 480 Sed
996 448 1034 479 te
1054 454 1158 490 rogo,
1177 439 1209 478 si
1229 441 1309 478 ullo
1329 445 1445 489 pacto
1466 436 1548 476 fieri

182 518 199 549 5
220 507 370 558 poterit,
396 508 426 546 si
451 508 599 557 integra
623 507 662 545 in
689 514 827 545 senatu
853 513 986 545 nostra
1012 518 1129 543 causa
1154 505 1205 543 ad
1234 505 1321 542 Kal.
1346 502 1546 541 Ianuarias

220 572 416 620 manserit,
447 580 489 610 ut
522 574 675 610 Romae
713 571 764 609 sis
803 584 937 609 mense
977 568 1170 608 Ianuario.
1231 569 1411 606 Profecto
1450 566 1547 604 nihil

219 637 410 687 accipiam
437 637 609 684 iniuriae,
634 636 664 675 si
685 644 726 675 tu
747 635 884 674 aderis.
942 634 1106 673 Amicos
1133 634 1314 672 consules
1341 633 1544 678 habemus,

220 710 397 740 nostrum
429 703 629 741 tribunum
660 703 710 752 pl.
741 700 942 739 Furnium.
1000 701 1149 737 Verum
1177 705 1244 736 tua
1272 705 1330 736 est
1357 710 1456 746 opus
1482 697 1547 734 ad-

221 766 413 813 siduitate‚
433 766 649 817 prudentia,
673 766 803 817 gratia.
859 767 1036 814 Tempus
1057 771 1115 802 est
1135 761 1409 802 necessarium.
1469 761 1547 799 Sed

164 846 202 868 10
221 839 332 881 turpe
353 840 410 869 est
431 845 493 870 me
514 831 689 881 pluribus
710 830 836 869 verbis
857 843 970 880 agere
991 836 1133 867 tecum.

275 896 487 935 Cicerones
514 895 635 934 nostri
662 902 751 933 sunt
777 895 884 944 apud
910 893 1140 932 Deiotarum
1171 892 1254 939 sed,
1279 890 1309 929 si
1337 903 1436 940 opus
1463 888 1545 936 erit,
1566 901 1591 937 4

220 962 466 1000 deducentur
496 961 696 998 Rhodum.
756 961 818 997 Tu
853 958 884 996 si
919 972 960 996 es
988 959 1153 1003 Romae,
1178 964 1221 994 ut
1248 957 1360 1002 soles,
1389 954 1550 1004 diligen-

220 1025 379 1073 tissime,
402 1025 434 1064 si
460 1025 500 1063 in
528 1025 659 1075 Epiro,
691 1023 802 1062 mitte
835 1031 968 1062 tamen
996 1023 1047 1060 ad
1082 1035 1153 1060 nos
1187 1022 1238 1059 de
1271 1020 1347 1058 tuis
1378 1020 1550 1069 aliquem

222 1090 477 1137 tabellarium,
501 1097 543 1127 ut
569 1096 607 1127 et
634 1094 674 1126 tu
699 1088 794 1138 quid
821 1101 893 1126 nos
920 1100 1081 1137 agamus
1106 1094 1144 1124 et
1170 1099 1242 1124 nos
1267 1084 1363 1134 quid
1392 1092 1432 1122 tu
1459 1097 1549 1134 agas

167 1169 203 1202 15
224 1154 399 1204 quidque
424 1162 580 1192 acturus
607 1153 658 1191 sis
685 1153 781 1191 scire
802 1152 1007 1202 possimus.
1069 1153 1153 1200 Ego
1178 1149 1233 1188 tui
1256 1149 1363 1187 Bruti
1387 1162 1467 1187 rem
1495 1148 1549 1186 sic

222 1232 296 1268 ago
320 1226 362 1256 ut
389 1232 500 1257 suam
529 1218 612 1268 ipse
641 1231 722 1256 non
750 1224 890 1266 ageret.
950 1216 1028 1254 Sed
1055 1215 1133 1253 iarn
1163 1214 1330 1256 exhibeo
1356 1213 1549 1264 pupillum

222 1296 352 1332 neque
390 1284 591 1330 defend03
638 1289 728 1320 sunt
768 1281 873 1320 enim
913 1279 1070 1331 negotia
1109 1286 1148 1318 et
1185 1280 1292 1317 lenta
1330 1286 1368 1316 et
1407 1277 1547 1316 inania.

222 1347 381 1385 Faciam
402 1354 534 1385 tamen
555 1346 646 1385 satis
666 1346 738 1384 tibi
759 1346 920 1396 quidem
940 1345 1004 1384 cui
1025 1343 1219 1384 difficilius
1240 1350 1298 1383 est
1313 1356 1432 1393 quam
1452 1342 1526 1392 ipsi
1540 1356 1550 1389 3

222 1412 292 1450 sed
313 1418 416 1449 certe
437 1411 529 1449 satis
549 1410 689 1449 faciam
710 1410 874 1460 utrique.

165 1545 204 1566 20
265 1535 376 1570 XIX
442 1537 510 1570 Scr.
529 1538 562 1568 in
579 1538 691 1569 castris
706 1537 752 1567 ad
768 1537 911 1577 Cybistra
927 1537 963 1566 x'
975 1535 1019 1567 K.
1041 1535 1108 1566 Oct.
1125 1545 1155 1566 a.
1176 1543 1231 1575 705
1249 1533 1333 1575 (51).

638 1624 814 1656 CICERO
838 1622 1012 1654 ATTICO
1039 1622 1138 1654 SAL.

277 1714 538 1765 Obsignaram
576 1713 654 1752 iarn
693 1713 901 1764 epistulam
939 1725 1038 1759 eam,
1071 1724 1191 1761 quam
1225 1717 1322 1760 puto
1356 1716 1394 1748 te
1430 1710 1551 1748 modo
1571 1722 1588 1749 1

222 1781 430 1831 perlegisse
459 1779 643 1830 scriptam
678 1793 766 1817 mea
795 1792 915 1816 manu
948 1777 988 1815 in
1018 1790 1096 1826 qua
1125 1775 1259 1814 omnia
1287 1774 1548 1821 continentur,

223 1859 314 1884 curn
357 1845 488 1884 subito
526 1846 690 1895 Apellae
733 1843 956 1882 tabellarius
999 1856 1030 1880 a.
1072 1843 1108 1880 d.
1150 1853 1194 1878 XI
1236 1841 1324 1878 Kal.
1366 1839 1551 1879 Octobris

167 1926 205 1958 25
225 1909 392 1960 septimo
413 1909 712 1959 quadragesimo
739 1908 803 1947 die
826 1910 956 1946 Roma
982 1906 1156 1945 celeriter
1178 1904 1262 1956 (hui
1287 1912 1366 1942 tam
1393 1906 1508 1954 longe
1526 1904 1550 1954 1)

224 1974 321 2012 mihi
351 1981 436 2011 tuas
470 1973 615 2012 litteras
648 1972 830 2012 reddidit.
899 1973 959 2010 Ex
992 1970 1135 2021 quibus
1169 1983 1250 2008 non
1284 1968 1424 2008 dubito
1455 1968 1551 2019 quin

224 2046 266 2077 tu
297 2037 531 2087 Pompeium
562 2037 795 2087 exspectaris
825 2037 921 2075 dum
946 2034 1126 2073 Arimino
1160 2033 1302 2072 rediret
1332 2041 1370 2072 et
1403 2033 1482 2071 iarn
1511 2032 1551 2070 in

225 2102 389 2153 Epirum
423 2102 619 2151 profectus
658 2101 721 2147 sis,
754 2100 957 2150 magisque
990 2112 1137 2145 vereor,
1167 2106 1210 2136 ut
1244 2097 1389 2143 scribis,
1424 2110 1474 2135 ne
1512 2096 1552 2134 in

226 2166 347 2217 Epiro
374 2165 561 2204 sollicitus
588 2165 638 2203 sis
665 2178 746 2204 non
773 2165 902 2202 minus
926 2176 1045 2213 quam
1071 2176 1144 2200 nos
1170 2162 1234 2200 hic
1261 2175 1406 2200 sumus.

169 2246 208 2277 30
281 2232 343 2268 De
362 2230 537 2268 Atiliano
563 2228 725 2267 nomine
751 2228 887 2278 scripsi
908 2229 959 2266 ad
980 2226 1237 2265 Philotimum
1264 2239 1314 2264 ne
1340 2226 1554 2276 appellaret

273 2333 312 2362 18
337 2332 406 2369 tibi,
439 2332 489 2362 cui
522 2331 657 2370 quidem
688 2330 876 2370 Hs'csenbmg
1034 2340 1075 2367 24
1101 2328 1242 2367 Apellae
1268 2327 1352 2357 Moll
1366 2327 1432 2358 coll.
1453 2329 1550 2359 Fam.

226 2376 352 2450 ἴὲἰ.ιξῗί
371 2376 535 2448 2331355.
553 2384 583 2414 3,
601 2375 697 2406 bene:
720 2374 856 2414 Appelli
874 2372 934 2405 M:
959 2372 1111 2413 Appellit
1130 2372 1176 2402 C:
1201 2371 1305 2411 Appii
1324 2371 1399 2403 Vict.
1513 2381 1552 2409 27

274 2482 337 2503 εις.
358 2483 405 2502 AD
422 2482 496 2504 ATT.
1428 2469 1462 2499 11
