1817 2832
639 158 751 196 EPP.
783 158 861 195 AD
891 157 1152 196 ATTICVM
1505 156 1573 194 IV.
1597 166 1658 192 xv

239 269 452 321 Dionysius
474 271 530 308 M.
553 269 808 320 Pomponius.
868 269 996 307 Valde
1016 281 1080 306 me
1103 269 1262 306 hercule
1291 266 1386 305 mihi
1412 274 1563 317 gratum

237 343 295 374 est
325 334 588 384 Eutychidem
619 342 726 372 tuam
756 347 845 383 erga
874 346 937 371 me
966 332 1284 371 benevolentiam
1314 345 1505 382 cognosse
1531 337 1569 368 et

237 413 347 437 suam
372 399 477 436 illam
507 398 547 436 in
575 412 664 437 meo
689 399 824 436 dolore
849 398 1082 447 συμπάθειαν
1110 410 1240 446 neque
1267 404 1350 434 tum
1375 395 1471 434 mihi
1498 395 1565 434 ob-

237 477 389 502 scuram
410 477 539 513 neque
559 471 647 513 post
668 463 858 512 ingratam
879 462 1008 500 fuisse.

200 542 216 572 5
292 530 371 566 Iter
391 527 609 566 Asiaticum
630 535 741 565 tuum
762 534 859 577 puto
880 526 952 565 tibi
972 526 1269 577 suscipiendum
1285 526 1403 565 fuisse
1418 540 1428 574 3
1454 539 1563 563 num·
1582 532 1607 559 2

237 608 356 644 quam
377 593 482 632 enim
503 601 545 631 tu
572 593 655 631 sine
682 592 894 630 iustissima
914 606 1032 631 causa
1058 600 1138 631 tam
1160 594 1276 642 longe
1295 606 1318 630 a
1338 599 1396 630 tot
1423 591 1498 629 tuis
1526 599 1564 629 et

239 659 466 697 hominibus
487 666 525 697 et
541 659 656 697 rebus
672 658 880 696 carissimis
897 666 934 696 et
951 657 1189 696 suavissimis
1210 659 1347 696 abesse
1363 657 1562 696 voluisses.

238 725 316 762 Sed
337 724 622 761 humanitatem
643 731 750 761 tuam
770 736 1026 772 amoremque
1046 722 1087 760 in
1107 730 1196 761 tuos
1222 722 1369 760 reditus
1390 721 1565 759 celeritas

239 789 462 827 declarabit.
523 790 601 828 Sed
640 802 775 827 vereor
820 802 869 826 ne
912 789 1044 838 lepore
1086 801 1158 826 suo
1201 787 1376 826 detineat
1420 785 1566 825 diutius

183 869 220 889 10
238 861 392 904 praetor
425 854 589 893 Clodius
621 861 658 892 et
697 854 819 891 homo
857 852 1114 902 pereruditus,
1148 860 1192 891 ut
1229 852 1349 898 aiunt,
1384 858 1423 890 et
1460 864 1566 888 nunc

239 919 401 969 quidem
422 919 579 957 deditus
602 918 760 957 Graecis
782 918 917 956 litteris
940 917 1156 956 Pituanius.
1216 918 1294 956 Sed
1315 917 1347 955 si
1366 917 1423 954 vis
1444 917 1566 954 homo

239 998 336 1032 esse,
356 985 497 1035 recipe*
512 992 550 1023 te
576 985 626 1024 ad
654 998 726 1022 nos
752 985 803 1021 ad
833 984 941 1033 quod
968 990 1124 1033 tempus
1151 981 1400 1021 confirmasti.
1462 982 1564 1021 Cum

239 1049 312 1087 illis
334 1057 464 1087 tamen
486 1063 577 1088 cum
598 1049 693 1087 salvi
713 1048 890 1087 venerint
912 1050 1066 1086 Romae
1086 1047 1215 1086 vivere
1235 1047 1379 1086 licebit.

293 1116 420 1152 Avere
446 1122 484 1152 te
511 1114 647 1152 scribis
672 1113 850 1163 accipere
874 1112 1023 1162 aliquid
1043 1126 1067 1150 a
1086 1126 1149 1150 me
1176 1112 1400 1150 litterarum.
1461 1110 1564 1149 Dedi
1586 1117 1611 1155 3

184 1194 220 1225 15
240 1192 285 1217 ac
313 1179 444 1217 multis
473 1178 635 1228 quidem
665 1180 716 1217 de
744 1179 860 1216 rebus
890 1178 1141 1230 ἡμερολεγδὸν
1168 1176 1381 1227 perscripta
1410 1175 1543 1214 omnia
1559 1191 1568 1223 ;

240 1245 310 1283 sed
348 1252 391 1282 ut
428 1244 593 1291 conicio,
628 1243 814 1294 quoniam
849 1243 946 1281 mihi
977 1257 1059 1281 non
1092 1241 1234 1280 videris
1266 1241 1305 1279 in
1345 1241 1465 1291 Epiro
1500 1240 1568 1279 diu

241 1310 368 1357 fuisse,
391 1310 563 1348 redditas
585 1309 656 1348 tibi
676 1323 757 1348 non
777 1309 951 1347 arbitror.
1011 1310 1147 1347 Genus
1168 1315 1298 1346 autem
1321 1320 1496 1345 mearum
1516 1308 1567 1345 ad

241 1384 278 1413 te
299 1375 460 1425 quidem
489 1375 703 1413 litterarum
733 1374 816 1413 eius
843 1374 954 1413 modi
979 1375 1058 1412 fere
1088 1381 1146 1412 est
1172 1380 1215 1411 ut
1238 1386 1320 1411 non
1347 1371 1466 1410 libeat
1490 1371 1568 1409 cui-

241 1454 360 1490 quam
381 1441 473 1479 dare
493 1440 567 1479 nisi
587 1442 637 1479 de
657 1454 737 1490 quo
757 1441 1001 1490 exploratum
1022 1439 1071 1477 sit
1091 1438 1163 1477 tibi
1183 1451 1273 1476 eum
1295 1437 1550 1475 redditurum.

183 1522 224 1543 20
296 1507 415 1543 Nunc
445 1507 647 1543 Romanas
676 1519 736 1544 res
767 1504 913 1554 accipe.
971 1506 1019 1542 A.
1049 1505 1085 1543 d.
1117 1516 1180 1541 1111
1211 1504 1348 1541 Nonas
1379 1501 1565 1550 Quintilis
1584 1508 1611 1546 4

241 1573 406 1610 Sufenas
435 1579 473 1609 et
495 1572 595 1611 Cato
624 1570 804 1617 absoluti,
829 1569 1019 1608 Procilius
1043 1570 1342 1608 condemnatus.
1403 1569 1462 1605 Ex
1488 1580 1567 1616 quo

240 1636 482 1674 intellectum
520 1644 579 1674 est
620 1636 966 1687 τρισαρειοπαγίτας
1003 1634 1207 1679 ambitum,
1245 1632 1414 1678 comitia,
1457 1631 1570 1669 inter-

239 1716 412 1752 regnum,
454 1701 709 1749 maiestatem‚
744 1710 867 1740 totam
902 1700 1075 1750 denique
1106 1713 1188 1737 rem
1222 1698 1422 1748 publicam
1457 1696 1570 1735 flocci

241 1781 323 1806 non
356 1769 492 1813 facere,
531 1765 756 1819 [debemus]
789 1774 938 1816 patrem
974 1764 1140 1803 familias
1174 1763 1283 1802 domi
1318 1776 1411 1801 suae
1441 1760 1570 1800 occidi

184 1850 221 1881 25
244 1834 359 1879 nolle,
395 1846 525 1881 neque
556 1839 688 1870 tamen
722 1831 763 1870 id
797 1831 926 1881 ipsum
960 1830 1144 1877 abunde3
1187 1842 1279 1866 nam
1317 1828 1570 1865 absolverunt

242 1910 346 1945 Xxn,
373 1899 688 1936 condemnarunt
716 1909 865 1934 xxvm.
925 1894 1089 1933 Publius
1117 1907 1210 1931 sane
1237 1893 1382 1931 diserto
1414 1890 1569 1942 epilogo

283 2013 302 2033 2
327 2002 394 2043 est]
413 2003 440 2033 si
459 2002 500 2032 M
586 2007 675 2032 tuam
693 2025 700 2032 .
720 2025 728 2033 .
745 2026 752 2033 .
774 1999 1035 2031 benivolentiam
1048 1996 1107 2027 M:
1131 2007 1165 2026 -a
1180 2019 1188 2027 .
1202 2019 1210 2027 .
1223 2019 1230 2026 .
1247 2006 1278 2025 —a
1290 1994 1404 2025 Baiter
1517 2005 1571 2025 co-

241 2057 365 2086 gnosse
377 2051 409 2077 et
423 2057 517 2076 suam
529 2046 687 2075 Bz'c'clzeler
701 2056 707 2075 :
732 2043 890 2082 cognossi
905 2043 968 2072 iarn
988 2040 1039 2069 Ml
1054 2053 1060 2071 ;
1091 2043 1274 2078 cognoscet
1288 2044 1321 2068 et
1337 2048 1432 2068 suam
1450 2037 1572 2068 Rosius

241 2090 315 2124 (sed
351 2091 377 2119 is
414 2090 441 2119 si
483 2089 714 2128 Eutychides&
795 2087 919 2116 Locum
959 2085 1005 2114 ita
1043 2083 1101 2114 dat
1144 2081 1334 2122 Wesenberg
1372 2086 1503 2120 gratum
1540 2082 1569 2112 si

242 2133 450 2171 Eutychides
477 2137 534 2162 tua
559 2142 639 2170 erga
670 2141 722 2161 me
750 2128 988 2160 benevolentia
1016 2131 1202 2165 cognoscet
1234 2136 1328 2156 suam
1475 2126 1496 2154 6
1521 2129 1570 2155 tot

242 2178 307 2207 tuis
324 2176 399 2205 HI:
425 2176 525 2206 totius
542 2175 597 2204 M¹
615 2187 621 2205 :
647 2175 729 2204 totis
751 2174 816 2204 tuis
833 2172 887 2202 M·-'
1022 2181 1043 2209 9
1065 2174 1137 2209 post
1159 2171 1276 2209 lepore
1297 2167 1372 2198 add.
1399 2172 1431 2197 te
1449 2167 1570 2197 Iunius

246 2231 282 2250 10
309 2224 444 2258 praetor
460 2218 574 2258 *Wlfff
598 2218 742 2247 Willems
770 2216 838 2246 ‘Le
859 2214 981 2246 Se'nat’
996 2215 1014 2245 i.
1033 2218 1065 2253 p.
1096 2223 1177 2252 477:
1203 2223 1225 2252 p
1254 2210 1465 2252 (zpublius‘)
1489 2209 1566 2241 M²:

241 2264 356 2293 rhetor
372 2264 426 2293 (sc.
447 2261 524 2293 Sex.
552 2261 699 2292 Clodz'nsl
727 2260 858 2298 Rosius,
878 2258 943 2288 coll.
970 2257 1055 2288 Phil.
1085 2257 1116 2286 ii.
1139 2265 1180 2294 43
1326 2256 1364 2284 16
1388 2259 1422 2283 ut
1440 2253 1569 2284 conicio

240 2307 308 2337 secl.
330 2306 462 2336 Ernesti
594 2305 631 2334 18
656 2304 726 2334 sere
748 2302 821 2332 Vsct.
843 2314 849 2332 z
884 2302 969 2331 sorte
994 2301 1032 2330 M
1119 2310 1160 2329 ρο
1185 2308 1237 2328 1111
1266 2298 1373 2328 Boot:
1406 2306 1446 2327 111
1474 2296 1563 2328 codd.

241 2360 281 2388 24
307 2347 483 2386 debemus]
512 2358 577 2378 om.
608 2348 690 2377 Ant.
718 2346 751 2376 F
775 2349 798 2377 Σ
819 2347 960 2386 (praeter
980 2342 1079 2381 EHi,
1105 2343 1198 2372 habet
1216 2347 1267 2371 A:
1293 2341 1463 2371 debitores
1484 2340 1563 2371 com'.

200 2410 203 2412 -
242 2393 378 2424 Miillcr:
404 2392 539 2422 eosdem
557 2389 779 2430 Hirschfelder
887 2388 994 2418 occidi
1012 2387 1151 2418 Scln‘itz:
1185 2385 1338 2416 occidere
1354 2383 1396 2414 M
