1790 2837
598 121 711 159 EPP.
743 121 821 158 AD
852 119 1112 159 ATTICVM
1503 118 1533 156 Ι.
1557 117 1633 156 xiii

263 233 363 271 Sunt
382 238 513 270 autern
535 238 623 282 post
644 231 861 270 discessum
889 244 912 269 a
937 244 1001 269 me
1026 238 1136 268 tuum
1158 242 1217 268 res
1238 228 1380 280 dignae
1399 228 1535 267 litteris
1555 239 1579 267 2

207 297 361 344 nostris,
395 297 465 335 sed
494 310 575 335 non
605 296 915 334 committendae
944 295 1027 334 eius
1058 294 1167 334 modi
1197 296 1371 345 periculo
1400 301 1442 332 ut
1468 301 1535 332 aut

207 362 363 401 interire
396 369 463 400 aut
496 361 637 411 aperiri
671 369 737 399 aut
771 359 948 410 intercipi
981 359 1141 410 possint.
1214 359 1389 397 Primum
1421 358 1536 409 igitur

208 427 306 466 scito
326 426 495 476 primum
518 440 581 464 me
601 439 681 464 non
696 439 781 464 esse
801 433 978 475 rogatum
1000 424 1234 463 sententiam
1255 423 1536 475 praepositum-

169 505 186 536 5
207 506 285 543 que
311 506 396 531 esse
421 491 535 531 nobis
556 491 846 542 pacificatorem
868 491 1139 540 Allobrogum,
1163 490 1283 540 idque
1312 491 1536 528 admurmu-

207 565 316 596 rante
346 565 483 596 senatu
514 570 642 606 neque
672 570 735 595 me
765 556 887 594 invito
916 569 1001 594 esse
1031 557 1188 594 factum.
1248 556 1342 593 Sum
1370 554 1475 593 enim
1496 561 1534 592 et

206 623 258 661 ab
279 623 526 661 observando
548 621 709 663 homine
729 634 910 670 perverso
937 621 1034 659 liber
1055 628 1092 659 et
1112 621 1163 658 ad
1184 619 1412 670 dignitatem
1435 619 1473 656 in
1495 632 1535 657 re

207 686 367 737 publica
395 686 642 725 retinendam
673 694 808 724 contra
829 685 930 723 illius
955 687 1197 724 voluntatem
1229 686 1392 731 solutus,
1413 692 1450 722 et
1471 684 1535 722 ille

208 754 406 791 secundus
435 752 476 789 in
506 751 678 790 dicendo
699 753 808 790 locus
830 751 949 789 habet
978 750 1250 789 auctoritatem
1281 763 1406 800 paene
1435 749 1536 798 prin-

151 827 189 851 10
208 816 305 866 cipis
326 825 364 855 et
385 818 625 855 voluntatem
648 830 728 854 non
750 815 865 853 nimis
887 814 1110 854 devinctam
1136 814 1329 853 beneficio
1350 813 1532 852 consulis.

208 882 364 921 Tertius
392 890 450 920 est
478 883 652 928 Catulus,
677 889 847 931 quartus,
871 881 902 919 si
929 880 1047 919 etiam
1074 881 1151 919 hoc
1178 879 1341 930 quaeris,
1367 881 1537 918 Horten-

208 947 298 986 sius.
347 948 499 987 Consul
519 954 651 985 autem
672 946 755 996 ipse
776 959 896 996 parvo
917 945 1050 984 animo
1071 953 1108 984 et
1129 959 1250 995 pravo
1272 952 1404 982 tamen
1426 944 1538 982 cavil-

207 1014 306 1051 lator
325 1025 466 1062 genere
486 1011 553 1050 illo
580 1024 738 1049 moroso
762 1012 871 1060 quod
895 1010 1013 1049 etiam
1038 1010 1121 1048 sine
1145 1009 1352 1048 dicacitate
1378 1008 1534 1055 ridetur,

207 1077 306 1116 facie
334 1076 455 1126 magis
477 1089 595 1126 quam
620 1075 768 1114 facetiis
797 1074 993 1121 ridiculus,
1017 1074 1114 1112 nihil
1140 1088 1260 1124 agens
1287 1087 1377 1112 cum
1404 1087 1444 1111 re
1470 1086 1538 1122 pu-

151 1156 187 1188 ¹5
208 1142 322 1189 blica,
346 1141 545 1180 seiunctus
569 1141 620 1179 ab
647 1140 913 1191 optimatibus,
937 1153 959 1178 a
986 1153 1066 1190 quo
1092 1139 1189 1177 nihil
1211 1152 1341 1189 speres
1362 1137 1457 1177 boni
1484 1137 1537 1176 rei

207 1207 390 1257 publicae
420 1206 511 1256 quia
540 1220 620 1244 non
648 1207 741 1252 vult,
765 1205 861 1243 nihil
892 1218 1022 1255 speres
1051 1204 1143 1242 mali
1174 1204 1265 1254 quia
1295 1217 1374 1242 non
1404 1204 1533 1241 audet.

209 1272 305 1311 Eius
343 1279 475 1310 autem
514 1272 679 1320 conlega
712 1278 750 1309 et
784 1269 823 1307 in
859 1283 922 1308 me
952 1269 1263 1319 perhonorificus
1298 1276 1335 1307 et
1369 1267 1536 1318 partium

209 1336 408 1375 studiosus
436 1349 482 1374 ac
512 1336 695 1373 defensor
724 1335 927 1373 bonarum.
988 1333 1067 1382 Qui
1088 1348 1194 1371 nunc
1214 1333 1347 1372 leviter
1374 1332 1472 1371 inter
1496 1346 1536 1371 se
1555 1335 1580 1371 3

208 1401 411 1439 dissident.
471 1400 550 1438 Sed
580 1412 714 1437 vereor
752 1412 801 1437 ne
835 1399 910 1436 hoc
948 1399 1055 1448 quod
1094 1397 1282 1436 infectum
1316 1404 1375 1435 est
1409 1404 1537 1446 serpat

151 1481 190 1503 20
208 1466 372 1516 longius.
435 1466 566 1504 Credo
598 1464 702 1502 enim
728 1471 765 1502 te
789 1463 955 1509 audisse,
979 1476 1070 1501 cum
1099 1464 1205 1512 apud
1228 1464 1435 1501 Caesarem
1466 1475 1538 1511 pro

208 1533 357 1581 populo
379 1531 497 1576 fieret,
522 1529 675 1567 venisse
697 1543 744 1567 eo
765 1527 945 1566 muliebri
966 1527 1106 1566 vestitu
1127 1527 1263 1574 virum,
1286 1527 1405 1576 idque
1427 1527 1538 1565 sacri-

208 1595 341 1634 ficium
370 1609 461 1633 curn
492 1593 659 1644 virgines
689 1593 980 1639 instaurassent,
1010 1592 1250 1630 mentionem
1282 1605 1304 1629 a
1329 1594 1377 1640 Q.
1403 1591 1538 1631 Corni-

208 1661 298 1700 ficio
327 1661 368 1698 in
396 1668 533 1699 senatu
555 1661 698 1698 factam
722 1658 769 1709 (is
794 1658 865 1696 fuit
892 1657 1083 1708 princeps,
1107 1671 1156 1695 ne
1177 1665 1218 1695 tu
1239 1659 1336 1695 sorte
1366 1657 1537 1706 aliquem

208 1734 386 1765 nostrum
407 1725 538 1776 putes)
555 1740 565 1773 ,·
594 1732 732 1775 postea
752 1738 832 1762 rem
855 1737 901 1762 ex
921 1731 1078 1762 senatus
1100 1724 1280 1761 consulto
1300 1724 1350 1760 ad
1371 1722 1537 1771 virgines

152 1807 188 1838 ²5
209 1799 327 1841 atque
356 1792 406 1830 ad
436 1790 642 1840 pontifices
671 1791 832 1828 relatam
863 1788 982 1838 idque
1009 1788 1059 1826 ab
1086 1787 1131 1826 iis
1158 1789 1266 1826 nefas
1294 1801 1378 1825 esse
1408 1788 1538 1826 decre-

210 1863 319 1903 tum3
347 1855 492 1894 deinde
520 1869 566 1893 ex
594 1862 751 1893 senatus
779 1855 961 1892 consulto
988 1854 1170 1890 consules
1190 1852 1432 1901 rogationem
1453 1866 1538 1902 pro-

210 1922 428 1970 mulgasse3
470 1919 581 1958 uxori
621 1921 830 1959 Caesarem
871 1917 1054 1956 nuntium
1093 1917 1298 1955 remisisse.
1378 1919 1424 1954 In
1463 1918 1536 1955 hac

210 1999 328 2024 causa
357 1985 449 2023 Piso
478 1984 650 2023 amicitia
681 1986 722 2022 P.
747 1983 865 2023 Clodi
887 1985 1028 2021 ductus
1051 1995 1209 2032 operam
1240 1983 1306 2019 dat
1336 1988 1377 2019 ut
1407 1994 1453 2019 ea
1481 1994 1538 2019 ro-

210 2049 314 2099 gatio
335 2063 453 2099 quam
480 2048 564 2099 ipse
590 2050 662 2087 fert
691 2056 729 2086 et
753 2049 824 2086 fert
853 2062 899 2086 ex
926 2055 1083 2085 senatus
1113 2047 1294 2085 consulto
1321 2054 1358 2084 et
1383 2047 1432 2084 de
1456 2045 1538 2083 reli-

152 2129 191 2162 30
211 2114 327 2164 gione
355 2114 589 2164 antiquetur.
651 2114 837 2152 Messalla
858 2114 1111 2150 vehementer
1131 2113 1262 2150 adhuc
1288 2111 1365 2160 agit
1393 2124 1534 2149 severe.

255 2214 275 2242 8
300 2212 510 2242 retinendam
529 2216 647 2242 contra
663 2222 728 2242 om.
749 2209 802 2240 M1
925 2221 946 2249 9
971 2221 1079 2250 paene
1097 2221 1163 2241 om.
1183 2209 1237 2239 llll
1363 2219 1400 2238 12
1425 2213 1537 2239 tamen

212 2255 299 2287 codd.
319 2267 326 2286 ι
350 2260 480 2285 tantum
497 2259 565 2286 vett.
740 2265 777 2292 14
803 2264 877 2284 cum
895 2252 947 2283 M¹
966 2266 973 2284 ;
997 2254 1030 2283 in
1050 2253 1104 2282 M2
1271 2254 1309 2283 16
1333 2262 1449 2291 speres
1465 2252 1534 2283 secl.

206 2298 338 2328 Baiter:
364 2303 495 2329 metuas
519 2297 634 2338 Ifort.
665 2302 738 2328 recte
867 2308 908 2335 24
933 2297 974 2327 ad
1004 2297 1152 2333 virgines
1184 2301 1285 2334 atquc
1317 2294 1404 2326 codd.
1435 2295 1472 2326 O.
1494 2296 1534 2326 E.

207 2341 358 2371 Srlnm'dt
376 2341 446 2382 (sed
460 2343 486 2371 is
503 2342 554 2380 et}
571 2354 577 2372 z
601 2343 641 2372 ad
659 2351 803 2380 augures
820 2345 921 2379 atque
938 2341 994 2370 Fr.
1009 2339 1160 2370 Schmidt
1177 2339 1299 2368 Mz'illcr
1314 2351 1320 2369 ε
1344 2339 1410 2368 secl.
1425 2339 1539 2368 Baiter

211 2384 335 2424 Tyrrcll
464 2396 506 2423 29
530 2390 564 2415 et
583 2385 663 2425 sert]
683 2390 715 2414 et
733 2385 811 2415 fecit
829 2384 882 2414 M1
984 2388 1017 2414 et
1029 2394 1094 2414 om.
1113 2383 1181 2414 Cet
1196 2381 1312 2412 codices
1328 2381 1535 2422 Malaspfnae

207 2438 249 2467 30
272 2430 342 2467 agit
360 2432 393 2458 et
409 2437 528 2458 severe
549 2428 645 2459 Clark
661 2428 726 2459 coll.
746 2428 812 2459 xvi.
836 2437 885 2466 15.
899 2437 918 2457 2
