1817 2832
668 549 840 588 LIBER
870 550 1144 589 SEPTIMVS

619 664 621 666 ’
674 663 776 710 AD
826 662 1163 711 ATTICVM

297 804 321 840 I
563 807 634 840 Ser.
652 806 793 838 Athenis
807 807 879 837 xvii
892 805 934 837 K.
954 805 1036 837 Nov.
1057 816 1087 837 a.
1110 815 1171 846 704
1191 806 1275 848 (50).

669 894 843 925 CICERO
867 894 1038 925 ATTICO
1064 893 1162 926 SAL.

308 987 523 1023 DEDERAM
548 984 732 1034 equidem
764 985 807 1022 L.
838 983 995 1022 Saufeio
1019 983 1164 1022 litteras
1191 990 1229 1021 et
1255 983 1441 1022 dederam
1468 985 1518 1022 ad
1539 991 1577 1023 te
1595 992 1615 1023 1

252 1062 390 1097 unum,
416 1050 524 1098 quod
553 1062 644 1086 cum
675 1062 754 1086 non
784 1056 886 1087 esset
913 1048 1099 1098 temporis
1129 1047 1225 1085 mihi
1248 1049 1299 1086 ad
1326 1048 1578 1087 scribendum

215 1124 231 1155 5
253 1113 355 1159 satis,
379 1121 511 1151 tamen
532 1112 735 1150 hominem
757 1112 827 1151 tibi
848 1120 928 1150 tam
949 1112 1178 1150 familiarem
1210 1112 1293 1151 sine
1324 1113 1420 1151 meis
1441 1113 1576 1152 litteris

251 1179 302 1215 ad
324 1185 361 1216 te
382 1177 512 1216 venire
533 1178 717 1215 nolebam
733 1191 743 1225 3
774 1178 843 1216 sed
864 1184 906 1215 ut
933 1177 1158 1227 philosophi
1180 1178 1394 1225 ambulant,
1418 1179 1487 1217 has
1508 1178 1578 1217 tibi

252 1243 449 1282 redditum
470 1242 514 1280 iri
534 1242 721 1293 putabam
744 1241 860 1292 prius.
920 1242 988 1280 Sin
1010 1241 1086 1280 iam
1108 1242 1191 1279 illas
1212 1242 1408 1291 accepisti,
1428 1243 1501 1281 scis
1515 1256 1579 1281 me

252 1310 430 1347 Athenas
450 1307 603 1346 venisse
633 1321 688 1357 pr.
713 1308 809 1345 Idus
831 1306 1028 1354 Octobris,
1058 1321 1079 1345 e
1108 1307 1197 1345 navi
1224 1320 1421 1357 egressum
1449 1308 1489 1345 in
1519 1308 1578 1346 Pi·-

252 1387 385 1412 raeum
406 1380 492 1411 tuas
513 1373 562 1411 ab
583 1374 731 1410 Acasto
752 1379 886 1410 nostro
906 1371 1050 1410 litteras
1071 1371 1281 1422 accepisse,
1299 1373 1577 1411 conturbatum

194 1453 233 1476 10
252 1439 360 1487 quod
387 1451 478 1476 cum
503 1438 610 1476 febre
639 1439 810 1475 Romam
831 1436 1014 1484 venisses,
1038 1436 1145 1475 bono
1175 1444 1307 1475 tamen
1334 1437 1466 1475 animo
1493 1451 1578 1476 esse

251 1501 428 1552 coepisse
455 1502 563 1551 quod
584 1503 752 1539 Acastus
780 1515 826 1539 ea
851 1514 951 1550 quae
971 1502 1112 1539 vellem
1137 1502 1187 1539 de
1213 1502 1394 1540 adlevato
1415 1515 1578 1552 corpore

250 1574 319 1604 tuo
340 1565 545 1612 nuntiaret,
569 1565 815 1604 cohorruisse
845 1572 977 1604 autern
1007 1579 1070 1603 me
1100 1578 1148 1603 eo
1177 1567 1286 1615 quod
1310 1572 1399 1604 tuae
1429 1565 1577 1605 litterae

250 1632 301 1669 de
321 1631 540 1680 legionibus
562 1630 740 1670 Caesaris
768 1632 978 1678 adferrent,
999 1637 1037 1668 et
1058 1630 1181 1679 egisse
1206 1637 1336 1668 tecum
1365 1638 1406 1668 ut
1426 1631 1577 1669 videres

250 1709 299 1733 ne
320 1696 415 1745 quid
436 1697 632 1746 φιλοτιμία
652 1695 734 1734 eius
752 1709 869 1745 quem
892 1695 995 1734 nosti
1016 1695 1130 1733 nobis
1152 1703 1334 1743 noceret3
1359 1702 1407 1743 et,
1426 1697 1476 1734 de
1497 1709 1576 1745 quo

193 1771 229 1804 15
250 1759 326 1798 iam
356 1760 507 1810 pridem
537 1762 587 1798 ad
617 1768 655 1799 te
684 1760 923 1810 scripseram,
955 1759 1169 1798 Turranius
1198 1767 1330 1798 autem
1365 1773 1477 1798 secus
1507 1759 1577 1798 tibi

251 1824 434 1863 Brundisi
455 1824 603 1863 dixerat
624 1825 749 1875 (quod
766 1839 812 1863 ex
833 1825 877 1862 iis
899 1824 1034 1863 litteris
1051 1824 1216 1874 cognovi
1234 1838 1330 1875 quas
1350 1839 1373 1863 a
1393 1827 1572 1872 Xenone,

250 1888 400 1937 optimo
416 1889 507 1935 viro,
523 1889 686 1939 accepi),
704 1903 771 1927 cur
785 1891 939 1927 fratrem
954 1889 1177 1939 provinciae
1198 1903 1278 1928 non
1299 1889 1572 1939 praefecissem

249 1953 410 2002 exposui
440 1953 616 1992 breviter.
677 1955 791 1992 Haec
820 1955 898 1992 fere
928 1961 1018 1992 sunt
1048 1953 1089 1991 in
1120 1953 1185 1992 illa
1218 1954 1394 2004 epistula.
1454 1956 1572 1994 Nunc
1592 1967 1616 1994 2

248 2016 340 2055 audi
362 2016 520 2067 reliqua.

190 2094 230 2117 20
304 2083 377 2120 Per
396 2083 570 2120 fortunas
590 2085 596 2120 l
627 2096 786 2121 omnem
800 2090 911 2121 tuum
931 2097 1105 2122 amorem
1128 2097 1207 2133 quo
1228 2098 1291 2122 me
1312 2098 1352 2123 es
1373 2086 1575 2134 amplexus

248 2159 488 2196 omnemque
522 2154 629 2185 tuam
669 2147 917 2197 prudentiam
949 2161 1066 2197 quam
1097 2162 1160 2187 me
1190 2150 1349 2188 hercule
1388 2149 1426 2187 in
1463 2149 1573 2187 omni

246 2224 388 2260 genere
422 2211 555 2250 iudico
599 2211 834 2262 singularem
874 2214 1008 2250 confer
1045 2214 1095 2251 ad
1134 2227 1221 2252 eam
1269 2228 1401 2252 curam
1441 2222 1483 2252 ut
1521 2215 1572 2253 de

293 2324 331 2344 12
355 2325 407 2345 me
424 2325 465 2345 eo
494 2315 633 2354 Tyrrell:
669 2326 722 2345 me
747 2315 834 2346 codd.
854 2327 861 2346 ε
894 2326 936 2346 eo
960 2316 1050 2346 Koch
1075 2314 1199 2346 Mziller
1326 2327 1366 2347 22
1390 2317 1507 2348 confer
1529 2318 1571 2348 ad

247 2356 299 2386 Μι
318 2369 325 2388 z
349 2358 519 2389 conseram
538 2357 592 2388 M²
610 2358 685 2400 (sed
698 2358 850 2400 delelum>
867 2370 874 2390 ε
898 2360 1016 2390 confer
1033 2360 1097 2390 iam
1111 2361 1151 2391 ad
1169 2359 1287 2390 Lamb.
