1817 2832
678 147 790 185 EPP.
822 147 899 184 AD
929 144 1188 185 ATTICVM
1523 144 1571 180 V.
1595 152 1657 179 xx

224 257 531 308 honorificisque
562 257 688 296 verbis
719 256 847 296 omnis
877 255 1035 295 iniurias
1065 254 1286 294 revellimus
1322 252 1551 304 superiores,

225 325 333 374 quod
360 324 465 362 idern
498 324 668 370 Colossis,
692 323 784 362 dein
806 325 1008 372 Apameae
1032 321 1207 371 quinque
1235 321 1317 359 dies
1344 319 1484 359 morati
1515 327 1554 358 et

225 389 420 439 Synnadis
454 389 637 435 triduum,
676 388 883 426 Philomeli
918 387 1094 437 quinque
1128 387 1223 433 dies,
1261 385 1374 424 Iconi
1413 386 1553 424 decem

224 453 400 492 fecimus.
461 453 569 491 Nihil
599 467 645 492 ea
673 452 764 491 iuris
795 452 968 490 dictione
997 451 1252 501 aequabilius,
1285 450 1381 488 nihil
1413 449 1549 495 lenius,

188 518 322 561 5nihil
360 518 523 568 gravius.
584 518 685 556 Inde
723 517 762 555 in
802 524 926 555 castra
963 515 1053 555 veni
1090 529 1123 554 a.
1165 516 1203 554 d.
1244 528 1301 553 vll
1351 515 1596 553 Kalendas2

227 583 478 633 Septembris.
538 585 584 621 A.
616 584 652 621 d.
685 594 731 620 111
771 581 982 620 exercitum
1015 580 1172 618 lustravi
1211 581 1317 630 apud
1357 579 1551 618 Iconium.

228 650 287 686 Ex
316 648 375 686 his
405 647 550 693 castris,
573 660 663 685 curn
690 659 824 696 graves
854 647 904 684 de
935 645 1086 683 Parthis
1111 645 1239 682 nuntii
1263 644 1449 690 venirent,
1473 657 1556 694 per—

227 712 306 751 rexi
327 712 367 750 in
388 712 567 751 Ciliciam
588 725 656 761 per
677 710 954 760 Cappadociae
975 717 1123 760 partem
1146 723 1232 747 eam
1254 723 1354 759 quae
1377 708 1555 748 Ciliciam

227 777 391 826 attingit,
415 790 463 815 eo
492 776 657 815 consilio
687 783 729 813 ut
757 774 966 813 Armenius
987 775 1223 812 Artavasdes
1254 781 1291 812 et
1322 773 1395 823 ipsi
1424 772 1556 811 Parthi

172 858 210 880 10
229 842 485 892 Cappadocia
518 854 559 879 se
591 840 745 879 excludi
775 847 968 890 putarent.
1026 840 1131 878 Cum
1169 838 1253 877 dies
1293 838 1468 888 quinque
1506 838 1556 875 ad

230 907 410 957 Cybistra
433 903 744 958 [Cappadociae]
766 912 890 942 castra
909 903 1146 951 habuissem,
1165 903 1305 942 certior
1325 916 1411 941 sum
1432 904 1557 940 factus

230 974 394 1010 Parthos
427 973 478 1010 ab
512 971 579 1010 illo
611 971 719 1009 aditu
751 970 1030 1020 Cappadociae
1064 971 1180 1019 longe
1213 970 1362 1015 abesse,
1395 967 1557 1007 Ciliciae

230 1037 352 1087 magis
373 1037 589 1075 imminere.
650 1038 790 1086 Itaque
811 1035 1019 1074 confestim
1040 1034 1111 1072 iter
1131 1034 1171 1071 in
1194 1034 1373 1073 Ciliciam
1394 1032 1467 1071 feci
1489 1045 1558 1083 per

231 1102 350 1140 Tauri
371 1103 489 1152 pylas.
548 1103 715 1139 Tarsum
736 1100 825 1138 veni
851 1113 883 1137 a.
907 1101 944 1138 d.
968 1111 1014 1137 111
1043 1101 1179 1138 Nonas
1202 1098 1396 1137 Octobris.
1456 1098 1557 1135 Inde
1576 1104 1601 1144 3

178 1183 213 1215 15
233 1169 284 1206 ad
317 1169 517 1205 Amanum
551 1165 739 1205 contendi
773 1164 841 1215 qui
875 1164 1023 1214 Syriam
1061 1177 1084 1202 a
1119 1163 1257 1203 Cilicia
1295 1163 1334 1201 in
1368 1176 1558 1213 aquarum

233 1232 398 1271 divertio
419 1231 583 1279 dividit3
612 1230 678 1281 qui
700 1244 814 1269 mons
835 1237 915 1268 erat
941 1229 1114 1267 hostium
1143 1230 1281 1278 plenus
1308 1227 1561 1278 sempiterno—

232 1311 329 1336 rum.
372 1296 453 1335 Hic
473 1310 506 1334 a.
524 1297 561 1335 d.
582 1308 627 1334 111
651 1297 747 1334 Idus
770 1295 931 1334 Octobr.
955 1307 1141 1344 magnum
1163 1307 1371 1331 numerum
1388 1292 1560 1331 hostium

233 1362 461 1401 occidimus.
522 1362 693 1401 Castella
731 1359 992 1398 munitissima
1025 1366 1220 1397 nocturno
1258 1357 1458 1408 Pomptini
1497 1359 1561 1395 ad-

232 1434 361 1473 ventu,
386 1434 520 1465 nostro
548 1425 741 1463 matutino
766 1424 954 1474 cepimus,
980 1422 1240 1461 incendimus.
1300 1423 1561 1472 Imperatores

175 1512 215 1533 20
233 1491 416 1542 appellati
438 1504 584 1530 sumus.
634 1491 771 1529 Castra
791 1502 938 1539 paucos
959 1488 1043 1526 dies
1064 1487 1274 1526 habuimus
1295 1500 1341 1525 ea
1360 1486 1444 1537 ipsa
1460 1499 1560 1536 quae

233 1564 368 1595 contra
396 1556 558 1594 Darium
587 1556 776 1593 habuerat
802 1554 909 1603 apud
939 1555 1068 1591 Issum
1095 1553 1328 1599 Alexander,
1352 1551 1562 1601 imperator

233 1622 339 1659 haud
361 1622 479 1670 paulo
501 1619 638 1658 melior
658 1633 776 1669 quam
804 1626 871 1656 aut
891 1626 933 1655 tu
953 1625 1020 1655 aut
1047 1630 1132 1667 ego.
1191 1616 1253 1655 Ibi
1274 1616 1358 1654 dies
1386 1615 1560 1665 quinque

234 1686 372 1725 morati
393 1686 546 1736 direpto
567 1693 605 1724 et
624 1693 775 1724 vastato
796 1686 952 1722 Amano
973 1683 1066 1721 inde
1086 1681 1350 1721 discessimus.
1396 1681 1560 1719 Interim

235 1751 326 1801 (scis
365 1751 469 1790 enim
509 1750 588 1790 dici
622 1751 817 1800 quaedam
856 1749 1001 1794 πανικοί,
1043 1747 1121 1786 dici
1160 1747 1254 1785 item
1291 1748 1337 1785 τὰ
1376 1748 1460 1785 κενὰ
1497 1749 1562 1784 τοῦ

177 1837 214 1869 25
234 1816 416 1867 πολέμου)
446 1830 602 1855 rumore
630 1817 822 1854 adventus
857 1814 978 1853 nostri
1008 1822 1046 1852 et
1081 1813 1219 1853 Cassio
1253 1812 1320 1863 qui
1350 1812 1562 1851 Antiochia

235 1882 441 1921 tenebatur
477 1881 631 1920 animus
669 1880 833 1919 accessit
868 1888 905 1918 et
941 1878 1092 1917 Parthis
1131 1877 1247 1916 timor
1284 1877 1450 1916 iniectus
1489 1884 1558 1915 est.

237 1948 376 1996 Itaque
397 1960 464 1985 eos
485 1945 660 1985 cedentis
687 1946 737 1984 ab
759 1944 908 1995 oppido
937 1943 1096 1983 Cassius
1124 1942 1323 1998 insecutus
1351 1955 1432 1980 rem
1457 1941 1561 1979 bene

235 2011 362 2061 gessit.
423 2013 513 2060 Qua
532 2011 572 2048 in
599 2012 689 2060 fuga
713 2023 853 2060 magna
876 2008 1107 2047 auctoritate
1128 2008 1276 2046 Osaces
1303 2008 1382 2045 dux
1403 2007 1562 2044 Partho-

236 2089 321 2113 rum
341 2077 482 2113 vulnus
501 2075 653 2125 accepit
673 2088 800 2124 eoque
821 2073 965 2112 interiit
985 2072 1120 2122 paucis
1140 2080 1229 2122 post
1256 2071 1407 2110 diebus.
1468 2073 1561 2109 Erat

177 2159 218 2189 30
237 2140 276 2178 in
298 2140 405 2189 Syria
425 2148 601 2178 nostrum
628 2153 775 2178 nornen
799 2138 839 2176 in
859 2137 990 2188 gratia.
1048 2137 1168 2175 Venit
1194 2136 1348 2175 interim
1372 2136 1536 2174 Bibulus
1552 2149 1562 2182 ;
1579 2146 1604 2183 4

284 2254 310 2276 1.
330 2254 348 2273 2
372 2243 566 2283 superiores
584 2266 591 2274 .
611 2267 617 2273 .
636 2268 643 2274 .
664 2242 758 2281 dein]
788 2241 972 2280 superioris
997 2240 1056 2277 (ita
1074 2239 1132 2280 M)
1149 2239 1350 2278 quadrienni
1371 2238 1536 2269 Corradus
1553 2250 1560 2270 :

236 2288 422 2327 superioris
439 2287 639 2325 quadrienni
656 2297 663 2316 ε
688 2286 774 2315 idem
794 2285 872 2314 dein
896 2284 1017 2323 Tyrrell
1125 2294 1144 2313 2
1169 2283 1320 2313 Colossis
1337 2283 1413 2314 add.
1433 2282 1571 2312 Schiche.

236 2332 341 2370 spatio
365 2334 482 2370 septem
507 2330 690 2359 litterarum
721 2329 754 2358 in
787 2328 827 2357 M
856 2328 958 2358 relicto
1168 2336 1202 2356 11
1231 2326 1465 2365 Cappadociae
1491 2326 1561 2356 secl.

235 2374 387 2405 Ernesti:
402 2374 484 2412 sort.
501 2372 736 2412 Cappadociae
754 2371 926 2402 castellum
1058 2379 1100 2409 23
1126 2369 1268 2400 Interim
1286 2369 1350 2401 21:
1374 2380 1440 2400 om.
1459 2374 1487 2400 Δ

1418 2464 1475 2493 11²⁴
