1817 2832
131 122 200 160 IV.
223 123 252 159 ii
620 125 676 163 M.
709 125 878 162 TVLLI
910 125 1217 166 CICERONIS

251 234 401 285 aliquid
418 243 484 274 aut
501 235 619 274 etiam
641 235 672 274 si
693 249 911 285 numquam
928 235 1021 275 alias
1038 236 1194 285 fuimus,
1213 245 1297 276 turn
1317 238 1494 288 profecto
1516 238 1582 276 do-

251 299 343 338 loris
368 299 599 350 magnitudo
619 299 698 337 vim
719 301 920 349 quandam
942 300 1057 339 nobis
1078 301 1238 340 dicendi
1258 302 1378 340 dedit.
1442 303 1583 352 Itaque

253 363 378 402 oratio
392 363 583 402 iuventuti
601 372 757 402 nostrae
770 364 905 403 deberi
921 378 1000 403 non
1015 373 1158 415 potest3
1188 379 1306 416 quam
1321 366 1402 414 tibi,
1419 367 1537 405 etiarn
1552 366 1583 405 si

210 443 234 481 3
254 443 333 467 non
348 429 559 477 desideras,
576 437 707 468 tamen
725 430 877 468 mittam
892 430 981 469 cito.
1015 432 1118 470 Cum
1135 432 1342 482 pontifices
1358 434 1584 471 decressent

252 494 315 541 ita,
339 495 380 532 SI
407 506 548 539 NEQVE
578 507 723 533 POPVLI
756 507 869 533 IVSSV
899 507 1040 540 NEQVE
1068 508 1208 534 PLEBIS
1241 508 1357 534 sclTv
1382 509 1417 535 IS
1442 509 1510 542 QVI
1537 509 1582 535 SE
1602 510 1617 541 f:

251 570 479 597 DEDICASSE
510 571 692 597 DICERET
722 571 970 598 NOMINATIM
1002 572 1042 598 EI
1075 572 1144 598 RE1
1177 572 1440 599 PRAEFECTVS
1461 573 1584 599 ESSET

252 635 391 669 NEQVE
425 636 570 662 POPVLI
605 636 717 662 IVSSV
749 637 828 662 AVT
862 637 1002 663 PLEEIS
1034 637 1151 664 SCITV
1182 637 1225 663 ID
1257 638 1418 664 FACERE
1450 637 1583 664 IVSSVS

252 700 375 727 ESSET
396 701 553 736 VIDERI,
588 701 708 727 POSSE
739 701 834 727 SINE
864 702 1095 728 RELIGIONE
1126 702 1212 728 EAM
1245 702 1414 728 PARTEM
1445 702 1584 728 AREAE

253 765 351 791 MIHI
384 766 586 801 REsTITVI,
606 753 701 791 mihi
723 755 825 792 facta
846 754 976 792 statim
998 762 1055 793 est
1076 754 1307 804 gratulatio,
1337 769 1457 794 nemo
1478 755 1582 794 enim

251 818 459 857 dubitabat
490 818 585 868 quin
616 820 759 857 domus
786 818 902 857 nobis
930 826 1032 857 esset
1051 819 1300 857 adiudicata:
1331 833 1421 858 curn
1453 819 1583 858 subito
1606 830 1644 853 10

252 884 316 922 ille
336 884 375 922 in
397 884 625 923 contionem
648 884 825 922 escendit
850 897 968 934 quam
994 884 1148 934 Appius
1173 884 1208 923 ei
1235 884 1356 923 dedit.
1417 884 1584 922 Nuntiat

251 949 329 987 iam
351 951 501 1000 populo
522 949 729 999 pontifices
751 951 972 987 secundum
995 963 1036 988 se
1057 949 1287 997 decrevisse,
1310 963 1374 988 me
1393 957 1526 988 autem
1547 949 1584 987 vi

251 1014 384 1053 conari
413 1014 452 1052 in
483 1014 774 1065 possessionem
804 1014 960 1062 venire3
994 1016 1169 1052 hortatur
1198 1022 1240 1052 ut
1269 1027 1311 1053 se
1340 1022 1379 1053 et
1407 1014 1584 1064 Appium

252 1087 466 1130 sequantur
504 1087 542 1118 et
581 1093 691 1118 suam
732 1079 973 1118 Libertatem
1008 1079 1045 1117 vi
1079 1080 1305 1118 defendant.
1377 1079 1458 1117 Hic
1492 1092 1582 1117 eum

252 1144 369 1183 etiam
411 1144 465 1182 illi
506 1144 630 1182 infimi
674 1144 813 1195 partim
853 1144 1149 1192 admirarentur,
1189 1144 1330 1194 partim
1370 1143 1582 1182 inriderent
1606 1156 1641 1187 15

252 1209 424 1248 hominis
455 1210 681 1257 amentiam,
710 1223 784 1259 ego
814 1217 1024 1248 statuerem
1055 1209 1146 1247 illuc
1176 1223 1257 1248 non
1289 1210 1478 1248 accedere
1509 1209 1583 1248 nisi

252 1288 343 1313 cum
378 1276 560 1314 consules
595 1289 642 1313 ex
680 1282 837 1313 senatus
869 1276 1052 1313 consulto
1083 1274 1278 1325 porticum
1314 1274 1445 1314 Catuli
1479 1274 1585 1313 resti-

253 1341 444 1378 tuendam
473 1341 679 1387 locassent,
704 1341 792 1377 Kal.
818 1340 979 1378 Octobr.
1009 1340 1176 1378 habetur
1199 1347 1357 1378 senatus
1388 1341 1581 1389 frequens.

209 1413 236 1452 4
255 1405 507 1444 Adhibentur
536 1418 674 1443 omnes
703 1404 910 1455 pontifices
937 1404 1004 1454 qui
1031 1412 1140 1443 erant
1169 1412 1378 1444 senatores.
1437 1406 1474 1442 A
1503 1404 1584 1455 qui-

254 1471 328 1508 bus
368 1470 632 1517 Marcellinus,
674 1469 741 1520 qui
780 1477 860 1508 erat
899 1469 1177 1520 cupidissimus
1218 1469 1304 1517 mei,
1347 1469 1581 1508 sententiam
1604 1482 1642 1503 20

252 1535 401 1586 primus
431 1543 587 1585 rogatus
615 1535 806 1585 quaesivit
834 1535 930 1585 quid
951 1542 1082 1573 essent
1103 1534 1416 1578 indecernendo
1446 1534 1579 1573 secuti.

252 1602 357 1638 Tum
376 1602 431 1637 M.
452 1602 639 1638 Lucullus
661 1601 711 1638 de
738 1599 917 1637 omnium
940 1601 1191 1649 conlegarum
1218 1599 1412 1638 sententia
1428 1613 1584 1649 respon-

253 1665 310 1704 dit
340 1664 535 1714 religionis
566 1664 715 1702 iudices
746 1664 954 1714 pontifices
982 1664 1111 1711 fuisse,
1142 1664 1236 1714 legis
1264 1678 1349 1703 esse
1379 1672 1583 1712 senatum,-

252 1744 294 1769 se
315 1737 352 1768 et
374 1731 557 1779 conlegas
582 1742 674 1767 suos
701 1730 751 1767 de
779 1728 966 1779 religione
994 1728 1184 1775 statuisse,
1208 1728 1248 1766 in
1270 1736 1407 1767 senatu
1429 1730 1478 1767 de
1500 1731 1583 1779 lege

297 1839 310 1859 1
338 1837 510 1867 nunquam
537 1826 576 1857 I:
612 1837 759 1866 unquam
786 1826 872 1858 codd.
1041 1827 1167 1857 doloris
1204 1828 1400 1866 magnitudo
1427 1828 1448 1858 I
1471 1827 1581 1860 Rau:

252 1873 349 1903 dolor
373 1877 406 1902 et
431 1871 627 1909 magnitudo
652 1870 848 1901 NHO²Ms2
878 1870 1004 1901 doloris
1022 1876 1054 1901 et
1073 1871 1189 1910 (etiam
1207 1870 1253 1909 P)
1271 1872 1467 1910 magnitudo
1488 1871 1581 1903 0¹P:

253 1917 350 1947 dolor
362 1920 394 1946 et
407 1916 454 1945 rci
472 1915 667 1954 magnitudo
682 1914 900 1945 Gulielmius:
925 1915 1021 1944 dolor
1046 1918 1080 1944 et
1104 1915 1300 1952 magnitudo
1325 1916 1380 1945 odi
1405 1914 1581 1946 Lehmann

254 1960 320 1991 coll.
348 1959 449 1989 Desot.
470 1968 511 1996 30
644 1967 663 1995 3
687 1959 800 1988 deberi
823 1956 920 1989 Vim:
947 1958 1072 1988 debere
1087 1957 1173 1987 codd.
1297 1968 1316 1997 5
1342 1968 1466 1988 POPVLI
1485 1968 1583 1990 Ivssv

252 2003 295 2034 I:
321 2003 488 2042 populuus
508 2002 571 2039 (vel
584 2002 740 2041 populus)
760 2001 847 2032 codd.
959 2002 979 2030 8
997 2011 1065 2031 EAM
1084 2005 1111 2030 Δ
1127 2011 1134 2030 :
1159 2011 1223 2032 IAM
1240 2004 1264 2033 Σ
1367 2011 1484 2032 ARI-:AE
1500 2012 1582 2033 MIHI

251 2047 365 2087 vulga
404 2057 482 2076 arae
509 2046 573 2076 erni
598 2046 649 2075 vel
669 2056 747 2075 aree
776 2045 840 2075 emi
865 2044 915 2075 vel
935 2055 1014 2075 arce
1038 2044 1127 2075 codd.
1148 2056 1154 2075 :
1186 2054 1303 2076 AREAE
1330 2055 1363 2077 Μ,
1388 2055 1417 2076 τ.
1443 2045 1583 2076 Vrsinus

256 2101 296 2121 10
334 2090 506 2120 dubitabat
540 2089 727 2119 Corradus:
769 2089 899 2119 dubitat
930 2088 1016 2118 codd.
1178 2099 1212 2118 11
1254 2089 1408 2120 aScendit
1439 2088 1582 2118 NO²M²

253 2134 396 2165 Nuntiat
420 2134 484 2162 iam
508 2133 630 2163 Romu:
672 2133 826 2162 nuntiant
854 2133 916 2161 iam
942 2131 1052 2162 codd:
1078 2132 1256 2162 nuntiante
1275 2133 1425 2163 FAnt.:
1450 2133 1582 2163 nuntiat

251 2183 365 2209 tamen
383 2176 486 2207 Reid:
526 2176 659 2207 nuntiat
684 2175 775 2206 inani
797 2175 958 2214 (Rosius),
984 2175 1033 2205 vel
1051 2175 1157 2206 hianti
1173 2175 1349 2217 (Palma),
1374 2176 1423 2206 vel
1443 2176 1581 2207 miranti

252 2220 467 2261 (Miillcrcoll.
484 2220 502 2251 l.
522 2221 576 2259 15)
686 2230 723 2258 14
741 2219 771 2248 vi
789 2218 975 2248 Corradus:
994 2218 1131 2249 utcodd.
1226 2228 1263 2257 15
1281 2220 1385 2250 infimi
1399 2220 1437 2250 l:
1456 2219 1579 2250 infirmi

251 2265 340 2297 codd.
489 2265 528 2293 16
551 2267 736 2294 statuerem
762 2262 948 2292 Mentzner:
989 2266 1173 2292 statueram
1199 2262 1285 2293 codd.
1313 2262 1501 2303 Lehmann,
1516 2273 1579 2302 ego

253 2333 261 2340 .
277 2332 285 2340 .
309 2333 316 2339 .
335 2308 504 2338 locassent
521 2307 554 2337 in
568 2306 787 2346 parenthesim
805 2304 972 2335 includens
1076 2316 1118 2336 20
1155 2306 1211 2344 qui
1229 2311 1302 2336 erat
1319 2317 1386 2337 om.
1404 2309 1427 2337 Σ
1538 2316 1579 2345 23

251 2352 336 2390 legis
363 2362 439 2382 csse
468 2351 624 2390 Sejffcrt:
661 2350 784 2388 legisse
810 2348 908 2379 0¹12:
932 2349 1015 2387 legis
1035 2348 1169 2378 0³NMs
1260 2360 1300 2388 24
1325 2351 1367 2380 de
1384 2350 1459 2388 lege
1477 2354 1577 2380 statu-

252 2399 346 2426 turos
370 2405 444 2425 cum
469 2398 600 2425 senatu.
650 2393 765 2433 Itaque
790 2402 850 2422 suo
873 2392 1016 2432 quisque
1042 2392 1088 2424 C:
1120 2397 1252 2424 statuos
1277 2394 1418 2435 (vel-es)
1435 2393 1578 2432 quisque

252 2439 317 2479 (vel
331 2440 460 2479 -quamssl
477 2437 570 2470 codd.
