1817 2832
656 137 768 175 EPP.
799 137 878 174 AD
909 136 1169 175 ATTICVM
1526 136 1594 173 IV.
1618 145 1680 172 xv

248 248 407 288 arbitrio
441 248 604 288 Catonis
638 248 837 300 petituros.
897 249 1018 298 Apud
1052 262 1144 287 eum
1176 249 1247 286 HS
1282 247 1478 298 quingena
1512 247 1578 285 de-

247 321 473 364 posuerunt,
497 321 538 352 ut
569 313 635 364 qui
664 328 687 352 a
717 315 869 353 Catone
899 314 1109 352 damnatus
1134 320 1237 351 esset
1263 312 1303 350 id
1332 313 1510 363 perderet
1537 318 1576 350 et

247 378 571 428 competitoribus
593 378 834 416 tribueretur.

302 444 417 481 Haec
437 456 509 492 ego
530 443 654 492 pridie
670 442 889 481 scribebam
910 456 1030 492 quam
1046 442 1206 481 comitia
1220 444 1302 481 fore
1322 442 1569 492 putabantur.
1592 445 1616 482 8

208 524 225 554 5
248 508 325 546 Sed
352 509 402 545 ad
432 515 480 553 te,
504 507 642 556 quinto
674 508 761 544 Kal.
786 506 915 545 Sextil.
949 507 980 545 si
1010 508 1111 544 facta
1141 514 1254 544 erunt
1283 515 1321 545 et
1350 505 1572 544 tabellarius

246 586 327 610 non
359 572 429 610 erit
460 573 667 622 profectus,
700 579 782 609 tota
810 571 971 610 comitia
1002 571 1250 621 perscribam.
1312 572 1425 619 Quae
1457 570 1499 616 si,
1531 578 1573 608 ut

245 645 442 687 putantur,
477 636 642 686 gratuita
672 635 824 682 fuerint,
861 637 948 686 plus
980 649 1082 673 unus
1114 637 1215 674 Cato
1253 635 1422 685 potuerit
1453 648 1571 684 quam

245 715 370 739 omnes
401 703 499 750 leges
533 714 749 750 omnesque
788 700 948 739 iudices.
1023 700 1193 739 Messius
1232 700 1518 738 defendebatur
1551 713 1573 737 a
1593 707 1620 743 9

246 766 360 804 nobis
395 767 445 804 de
483 766 676 816 legatione
710 773 940 813 revocatus;
979 779 1072 803 nam
1111 779 1201 803 eum
1235 764 1392 804 Caesari
1430 765 1573 813 legarat

188 845 227 868 10
245 831 410 881 Appius.
470 830 652 869 Servilius
673 830 792 869 edixit
812 838 855 868 ut
875 832 1041 869 adesset.
1096 829 1240 868 Tribus
1261 829 1380 867 habet
1401 828 1574 879 Pompti-

244 910 348 943 nam,
372 896 564 942 Velinam,
590 895 797 934 Maeciam.
858 898 1058 946 Pugnatur
1086 895 1247 942 acriter3
1285 894 1411 944 agitur
1439 901 1571 932 tamen

244 961 348 999 satis.
407 960 564 999 Deinde
594 974 657 998 me
687 960 854 1010 expedio
883 962 935 999 ad
966 962 1151 1006 Drusum,
1175 959 1267 998 inde
1291 960 1342 997 ad
1369 960 1568 997 Scaurum.

244 1027 433 1064 Parantur
471 1025 712 1064 orationibus
751 1025 901 1063 indices
940 1024 1107 1075 gloriosi.
1169 1026 1348 1062 Fortasse
1381 1025 1572 1062 accedent

243 1090 361 1128 etiam
382 1092 563 1128 consules
588 1089 790 1139 designati.
851 1091 900 1128 In
921 1089 1064 1140 quibus
1091 1089 1123 1128 si
1143 1090 1310 1128 Scaurus
1337 1102 1418 1127 non
1444 1088 1568 1134 fuerit,

185 1169 222 1200 15
242 1154 283 1192 in
303 1156 379 1193 hoc
400 1154 546 1193 iudicio
566 1155 679 1192 valde
700 1154 903 1193 laborabit.

297 1221 356 1258 Ex
401 1219 539 1268 Quinti
585 1219 708 1257 fratris
751 1219 886 1258 litteris
931 1219 1108 1270 suspicor
1151 1219 1229 1257 iam
1267 1232 1358 1257 eum
1400 1231 1485 1257 esse
1530 1217 1569 1256 in
1590 1229 1636 1258 10

242 1284 454 1324 Britannia.
514 1286 713 1334 Suspenso
734 1284 868 1323 animo
888 1292 1073 1335 exspecto
1093 1284 1189 1334 quid
1209 1292 1307 1334 agat.
1363 1284 1468 1322 Illud
1489 1283 1570 1333 qui-

241 1351 333 1388 dem
355 1364 488 1388 sumus
509 1350 652 1400 adepti,
672 1351 780 1400 quod
801 1350 933 1388 multis
954 1358 992 1388 et
1013 1349 1163 1399 magnis
1183 1349 1338 1388 indiciis
1358 1362 1567 1398 possumus

240 1415 423 1463 iudicare,
455 1430 528 1454 nos
560 1415 717 1455 Caesari
747 1423 785 1453 et
815 1414 1035 1453 carissimos
1069 1422 1108 1452 et
1134 1413 1438 1452 iucundissimos
1469 1426 1564 1451 esse.

182 1493 221 1515 20
243 1480 477 1529 Dionysium
499 1480 615 1518 velim
645 1482 790 1519 salvere
817 1479 953 1518 iubeas
974 1487 1012 1517 et
1035 1492 1126 1517 eum
1153 1492 1264 1528 roges
1285 1485 1323 1517 et
1342 1479 1495 1516 hortere
1525 1485 1566 1515 ut

239 1559 358 1595 quam
392 1545 562 1595 primum
597 1544 736 1591 veniat,
774 1552 816 1583 ut
849 1543 973 1595 possit
1005 1543 1240 1583 Ciceronem
1278 1555 1411 1581 meum
1448 1550 1566 1592 atque

238 1609 357 1650 etiam
386 1624 450 1649 me
479 1610 609 1661 ipsum
638 1609 802 1650 erudire.

280 1739 390 1775 XVI
434 1742 504 1775 Ser.
525 1743 656 1775 Romae
669 1755 715 1775 ex.
734 1754 780 1775 m.
801 1743 877 1775 Iun.
897 1744 1016 1774 autin.
1039 1743 1153 1783 Quint.
1172 1752 1201 1774 a.
1222 1750 1280 1781 700
1297 1740 1391 1782 (54).

649 1826 823 1857 CICERO
848 1826 1022 1857 ATTICO
1049 1825 1145 1856 SAL.

291 1909 609 1959 Occupationum
631 1923 806 1947 mearum
826 1910 886 1947 vel
903 1910 980 1947 hoc
1001 1908 1155 1957 signum
1177 1907 1247 1945 erit
1268 1907 1375 1956 quod
1397 1905 1562 1956 epistula
1583 1915 1601 1943 1

234 1973 363 2011 librari
386 1987 504 2011 manu
524 1981 592 2012 est.
644 1975 706 2012 De
726 1973 979 2023 epistularum
995 1971 1214 2022 frequentia
1234 1978 1271 2009 te
1287 1970 1383 2008 nihil
1404 1983 1557 2016 accuso,

235 2039 304 2076 sed
325 2040 533 2087 pleraeque
560 2046 712 2076 tantum
740 2040 861 2077 modo
888 2037 985 2075 mihi
1012 2037 1247 2075 nuntiabant
1267 2036 1335 2074 ubi
1362 2049 1476 2082 esseS‚
1500 2037 1560 2073 vel

234 2102 352 2140 etiam
379 2102 651 2151 significabant
677 2110 780 2140 recte
807 2115 901 2148 esse,
926 2102 1034 2150 quod
1061 2108 1169 2139 erant
1195 2101 1265 2139 abs
1293 2108 1341 2138 te.
1401 2101 1493 2148 Quo
1520 2099 1559 2137 in

233 2179 374 2216 genere
403 2166 571 2204 maxime
601 2168 844 2205 delectarunt
873 2168 974 2205 duae
1005 2167 1083 2204 fere
1110 2167 1253 2204 eodem
1283 2173 1459 2214 tempore
1488 2165 1558 2202 abs

278 2271 297 2298 4
322 2259 395 2289 sore
412 2259 546 2289 Baiter:
582 2259 616 2288 in
635 2259 705 2289 sore
723 2258 784 2289 M:
817 2259 850 2288 in
880 2258 952 2288 foro
976 2258 1046 2288 sore
1067 2258 1150 2288 Boot
1275 2259 1295 2288 8
1320 2268 1437 2288 omnes
1463 2257 1558 2296 leges

235 2302 309 2333 add.
342 2302 528 2342 lVesenberg
555 2303 619 2333 coll.
651 2302 689 2340 Q.
720 2302 773 2332 Fr.
806 2302 838 2333 ii.
873 2312 918 2340 14.
948 2312 967 2340 4
1145 2312 1165 2338 9
1190 2301 1319 2340 legarat
1354 2301 1558 2331 Ascensius:

235 2346 363 2384 legerat
392 2345 460 2376 CM
597 2346 639 2375 28
663 2346 751 2384 quod
779 2350 873 2375 erant
894 2346 953 2375 abs
979 2349 1011 2374 te
1034 2349 1107 2375 ante
1125 2345 1177 2374 vel
1196 2345 1295 2374 etiam
1311 2343 1400 2375 codd.
1426 2344 1555 2383 'Ijvrrclss

234 2389 290 2419 sed
312 2389 347 2420 in
372 2389 426 2419 illo
450 2389 515 2419 loco
543 2389 596 2420 vel
621 2393 895 2430 supervacaneum
923 2399 986 2419 esse
1009 2388 1157 2420 videtur:
1181 2388 1381 2429 draus-posuit
1396 2387 1519 2418 Sclziilz-

276 2453 339 2475 cre.
358 2453 405 2473 AD
421 2452 495 2475 ΛΠ.
1451 2442 1472 2472 9
