1817 2832
143 130 238 168 VII.
257 140 288 167 x
624 130 680 167 M.
712 129 881 167 TVLLI
911 120 1219 168 CICERONIS

299 250 343 285 X
383 252 454 286 Scr.
472 252 519 284 ad
533 253 644 284 urbem
661 253 717 284 xiv
732 252 792 283 snb
808 256 931 283 noctem
949 255 1008 282 aut
1023 251 1087 283 xiii
1098 255 1175 283 ante
1189 251 1295 282 lucem
1311 249 1355 283 K.
1372 250 1463 284 Febr.

810 306 842 327 a·
862 306 917 335 705
934 298 1021 337 (49)-

664 383 839 415 CICERO
872 382 1044 414 ATTICO
1078 382 1176 414 SAL.

309 475 450 515 Subito
479 474 688 514 consilium
719 473 807 524 cepi
835 481 878 512 ut
906 481 999 512 ante
1027 487 1148 523 quam
1174 474 1322 512 luceret
1350 471 1506 518 exirem,
1537 485 1588 511 ne

255 542 323 592 qui
343 548 579 591 conspectus
600 541 709 578 fieret
728 548 795 578 aut
815 553 955 587 sermo,
974 539 1176 578 lictoribus
1196 537 1425 589 praesertim
1444 539 1590 576 laurea·
1607 548 1625 580 5

255 606 315 645 tis.
377 608 438 644 De
475 605 627 655 reliquo
671 618 801 654 neque
839 606 998 643 hercule
1036 603 1133 654 quid
1176 617 1290 654 agam
1328 616 1458 653 neque
1491 602 1590 652 quid

255 679 412 710 acturus
444 671 516 709 sim
556 670 662 719 scio3
705 669 759 708 ita
797 683 884 708 sum
922 670 1171 720 perturbatus
1210 668 1429 708 temeritate
1466 667 1590 707 nostri

255 736 514 775 amentissimi
541 735 690 775 consili.
750 735 842 774 Tibi
871 749 963 774 vero
993 734 1090 785 quid
1119 735 1307 773 suadeam
1337 733 1479 784 quoius
1505 733 1590 783 ipse

257 802 466 841 consilium
500 803 714 851 exspecto?
771 802 931 839 Gnaeus
963 808 1096 839 noster
1129 799 1228 850 quid
1265 798 1404 838 consili
1442 798 1590 849 ceperit

257 868 433 918 capiatve
472 868 616 916 nescio,
657 869 789 906 adhuc
828 867 868 905 in
907 867 1063 917 oppidis
1101 874 1298 905 coartatus
1337 874 1375 904 et
1413 873 1585 916 stupens.

258 935 419 980 Omnes,
444 933 475 971 si
496 933 535 971 in
558 932 671 971 Italia
694 932 893 979 consistat,
917 932 1060 970 erimus
1081 945 1160 970 una
1174 946 1184 979 3
1213 930 1274 969 sin
1303 931 1431 978 cedet,
1451 929 1591 969 consili

257 1012 318 1037 res
349 1006 417 1037 est.
476 999 623 1036 Adhuc
658 1005 773 1044 certe,
805 997 880 1035 nisi
919 1011 992 1047 ego
1030 996 1196 1044 insanio,
1229 997 1346 1034 stulte
1380 995 1514 1035 omnia
1552 1002 1592 1034 et

258 1063 425 1102 incaute.
498 1064 571 1109 Tu,
606 1076 764 1112 quaeso,
796 1063 934 1101 crebro
967 1063 1019 1101 ad
1054 1075 1117 1101 me
1151 1060 1278 1100 scribe
1308 1062 1370 1100 vel
1402 1061 1512 1111 quod
1549 1059 1591 1098 in

260 1129 425 1167 buccam
456 1127 615 1166 venerit.

303 1247 370 1281 XI
438 1249 507 1282 Ser.
525 1250 560 1280 in
581 1249 768 1290 Campania
785 1249 934 1279 inter-riv
949 1252 978 1279 ct
993 1249 1028 1279 ix
1042 1248 1086 1281 K.
1104 1248 1192 1281 Febr.
1208 1259 1240 1280 a.
1260 1257 1314 1288 705
1331 1246 1419 1291 (49).

667 1336 842 1367 CICERO
875 1336 1048 1367 ATTICO
1079 1336 1177 1367 SAL.

316 1425 486 1473 Quaeso,
524 1422 620 1473 quid
654 1430 712 1461 est
750 1424 856 1461 hoc?
895 1429 962 1460 aut
1001 1422 1097 1472 quid
1134 1421 1288 1472 agitur?
1345 1420 1448 1459 Mihi
1486 1420 1593 1459 enim

261 1489 446 1527 tenebrae
467 1495 566 1526 sunt.
625 1487 881 1537 ‘Cingulum'
902 1487 1029 1537 inquit
1053 1490 1147 1526 ‘nos
1167 1494 1359 1534 tenemus,
1382 1487 1592 1524 Anconem

261 1553 463 1592 amisimus
479 1567 488 1600 3
532 1552 730 1591 Labienus
760 1552 940 1591 discessit
970 1566 993 1590 a
1025 1553 1217 1591 Caesare.'
1273 1554 1415 1589 Vtrum
1445 1552 1495 1589 de
1525 1551 1593 1588 im-

260 1625 437 1669 peratore
471 1617 606 1667 populi
642 1617 814 1655 Romani
844 1631 895 1655 an
926 1618 976 1655 de
1010 1617 1238 1655 Hannibale
1271 1615 1498 1666 loquimur?
1554 1615 1590 1654 O

260 1683 464 1721 hominem
503 1689 701 1719 amentem
733 1689 771 1720 et
806 1681 992 1719 miserum
1027 1681 1095 1730 qui
1129 1695 1179 1719 ne
1213 1682 1394 1719 umbram
1429 1679 1591 1730 quidem

260 1761 450 1797 umquam
475 1750 540 1786 τοῦ
570 1749 685 1785 καλοῦ
711 1746 873 1785 viderit!
931 1748 1065 1796 Atque
1095 1747 1192 1784 haec
1222 1745 1275 1783 ait
1305 1745 1439 1784 omnia
1465 1747 1592 1783 facere

261 1827 301 1852 se
328 1812 527 1863 dignitatis
555 1825 682 1850 causa.
742 1811 821 1849 Vbi
849 1819 907 1849 est
935 1819 1068 1849 autem
1096 1810 1264 1860 dignitas
1291 1810 1365 1848 nisi
1386 1809 1453 1848 ubi
1474 1811 1593 1848 hone-

260 1880 367 1917 stas?
440 1879 666 1916 Honestum
701 1876 816 1926 igitur
849 1877 994 1914 habere
1033 1876 1245 1914 exercitum
1284 1876 1393 1914 nullo
1431 1874 1592 1925 publico

260 1943 436 1990 consilio,
469 1955 662 1992 occupare
696 1941 802 1980 urbis
837 1941 979 1979 civium
1011 1954 1091 1990 quo
1120 1940 1269 1979 facilior
1306 1940 1355 1979 sit
1383 1940 1512 1978 aditus
1541 1941 1592 1978 ad

260 2008 435 2059 patriam,
476 2011 593 2058 χρεῶν
627 2007 827 2053 ἀποκοπάς,
866 2006 1042 2058 φυγάδων
1075 2006 1264 2054 καθόδους,
1304 2012 1482 2043 Sescenta
1518 2005 1594 2045 alia

261 2075 407 2113 scelera
428 2072 565 2120 moliri,

305 2180 326 2208 6
350 2179 491 2209 alterum
516 2188 626 2217 neque
646 2177 694 2208 0:
720 2186 763 2206 ne
791 2175 878 2206 MP:
917 2186 979 2206 nec
997 2175 1052 2206 I-Is
1067 2175 1156 2216 vulg.
1303 2186 1343 2206 10
1367 2180 1400 2206 et
1424 2174 1506 2206 M2:
1540 2180 1593 2206 set

262 2222 348 2254 codd.
494 2226 635 2260 stupens
661 2220 768 2252 codd:
796 2224 934 2259 stupent
951 2219 990 2249 It
1017 2224 1185 2250 coartatus
1203 2223 1265 2250 est.
1322 2223 1461 2258 stupent
1477 2218 1593 2250 Klotz:

263 2270 431 2296 coartatus
448 2267 545 2296 sedet
563 2269 596 2295 et
613 2269 752 2303 stupens
777 2263 852 2293 Ollo
989 2273 1023 2293 11
1052 2264 1211 2293 consistet
1239 2261 1429 2303 [Vesenbm‘g
1515 2273 1594 2293 con-

262 2310 314 2339 sili
344 2308 529 2339 O'2PM2s:
554 2309 696 2338 consilia
720 2306 829 2337 M¹O¹
948 2316 985 2336 12
1010 2311 1102 2336 certe
1126 2310 1218 2337 vem:
1245 2311 1336 2337 certa
1360 2306 1436 2335 Ml:
1463 2306 1593 2336 ineerta

265 2354 333 2383 O‘:
360 2353 480 2383 incerti
508 2350 669 2382 O2PM2s
794 2360 834 2389 24
859 2353 934 2380 ante
959 2349 1151 2381 Honestum
1175 2349 1234 2380 dat
1249 2349 1313 2380 nisi
1332 2348 1400 2390 M¹‚
1420 2359 1500 2379 num
1517 2347 1594 2379 M2:

263 2396 322 2429 del.
338 2395 458 2428 Lamb.

1611 875 1650 899 10

1611 1627 1652 1650 20
