<?xml version="1.0" encoding="UTF-8"?>
<!DOCTYPE html PUBLIC "-//W3C//DTD XHTML 1.0 Transitional//EN"
    "http://www.w3.org/TR/xhtml1/DTD/xhtml1-transitional.dtd">
<html xmlns="http://www.w3.org/1999/xhtml" xml:lang="en" lang="en">
 <head>
  <title>
</title>
<meta http-equiv="Content-Type" content="text/html;charset=utf-8" />
  <meta name='ocr-system' content='tesseract 3.04.00' />
  <meta name='ocr-capabilities' content='ocr_page ocr_carea ocr_par ocr_line ocrx_word'/>
</head>
<body>
  <div class='ocr_page' id='page_1' title='image "./epistulaerecogno0201ciceuoft_0285.png"; bbox 0 0 1817 2832; ppageno 0'>
   <div class='ocr_carea' id='block_1_1' title="bbox 677 115 1694 156">
    <p class='ocr_par' dir='ltr' id='par_1_1' title="bbox 677 115 1694 156">
     <span class='ocr_line' id='line_1_1' title="bbox 677 115 1694 156; baseline -0.003 -1"><span class='ocrx_word' id='word_1_1' title='bbox 677 118 789 155; x_wconf 89' lang='lat' dir='ltr'><strong>EPP.</strong></span> <span class='ocrx_word' id='word_1_2' title='bbox 820 118 899 156; x_wconf 93' lang='lat' dir='ltr'><strong>AD</strong></span> <span class='ocrx_word' id='word_1_3' title='bbox 929 117 1189 155; x_wconf 90' lang='lat' dir='ltr'><strong>ATTICVM</strong></span> <span class='ocrx_word' id='word_1_4' title='bbox 1468 116 1586 153; x_wconf 89' lang='lat' dir='ltr'><strong>VIII.</strong></span> <span class='ocrx_word' id='word_1_5' title='bbox 1605 115 1694 152; x_wconf 88' lang='lat' dir='ltr'><strong>xiD</strong></span> 
     </span>
    </p>
   </div>
   <div class='ocr_carea' id='block_1_2' title="bbox 210 226 1639 1644">
    <p class='ocr_par' dir='ltr' id='par_1_2' title="bbox 210 226 1639 1644">
     <span class='ocr_line' id='line_1_2' title="bbox 267 226 1599 279; baseline -0.002 -11"><span class='ocrx_word' id='word_1_6' title='bbox 267 242 290 268; x_wconf 93' lang='lat' dir='ltr'><strong>a</strong></span> <span class='ocrx_word' id='word_1_7' title='bbox 309 236 427 279; x_wconf 90' lang='lat' dir='ltr'><strong>teque</strong></span> <span class='ocrx_word' id='word_1_8' title='bbox 447 229 497 268; x_wconf 91' lang='lat' dir='ltr'><strong>ad</strong></span> <span class='ocrx_word' id='word_1_9' title='bbox 518 242 583 268; x_wconf 84' lang='lat' dir='ltr'><strong>eas</strong></span> <span class='ocrx_word' id='word_1_10' title='bbox 606 227 822 267; x_wconf 88' lang='lat' dir='ltr'><strong>honorifice</strong></span> <span class='ocrx_word' id='word_1_11' title='bbox 849 235 887 267; x_wconf 89' lang='lat' dir='ltr'><strong>et</strong></span> <span class='ocrx_word' id='word_1_12' title='bbox 913 229 1016 278; x_wconf 84' lang='lat' dir='ltr'><strong>large</strong></span> <span class='ocrx_word' id='word_1_13' title='bbox 1043 226 1271 278; x_wconf 86' lang='lat' dir='ltr'><strong>responderi</strong></span> <span class='ocrx_word' id='word_1_14' title='bbox 1298 227 1482 274; x_wconf 88' lang='lat' dir='ltr'><strong>viderem,</strong></span> <span class='ocrx_word' id='word_1_15' title='bbox 1506 226 1599 266; x_wconf 88' lang='lat' dir='ltr'><strong>duxi</strong></span> 
     </span>
     <span class='ocr_line' id='line_1_3' title="bbox 268 294 1598 345; baseline 0 -13"><span class='ocrx_word' id='word_1_16' title='bbox 268 308 396 333; x_wconf 90' lang='lat' dir='ltr'><strong>meam</strong></span> <span class='ocrx_word' id='word_1_17' title='bbox 427 295 617 334; x_wconf 88' lang='lat' dir='ltr'><strong>rationem</strong></span> <span class='ocrx_word' id='word_1_18' title='bbox 635 309 645 343; x_wconf 87' lang='lat'><strong>‚·</strong></span> <span class='ocrx_word' id='word_1_19' title='bbox 674 308 792 345; x_wconf 85' lang='lat' dir='ltr'><strong>quam</strong></span> <span class='ocrx_word' id='word_1_20' title='bbox 823 294 893 333; x_wconf 88' lang='lat' dir='ltr'><strong>tibi</strong></span> <span class='ocrx_word' id='word_1_21' title='bbox 920 294 1032 332; x_wconf 88' lang='lat' dir='ltr'><strong>facile</strong></span> <span class='ocrx_word' id='word_1_22' title='bbox 1061 308 1124 332; x_wconf 89' lang='lat' dir='ltr'><strong>me</strong></span> <span class='ocrx_word' id='word_1_23' title='bbox 1150 294 1405 344; x_wconf 83' lang='lat' dir='ltr'><strong>probaturum</strong></span> <span class='ocrx_word' id='word_1_24' title='bbox 1431 307 1502 343; x_wconf 89' lang='lat' dir='ltr'><strong>pro</strong></span> <span class='ocrx_word' id='word_1_25' title='bbox 1529 300 1598 332; x_wconf 90' lang='lat' dir='ltr'><strong>tuo</strong></span> 
     </span>
     <span class='ocr_line' id='line_1_4' title="bbox 267 354 1598 398; baseline 0 -2"><span class='ocrx_word' id='word_1_26' title='bbox 267 358 307 397; x_wconf 90' lang='lat' dir='ltr'><strong>in</strong></span> <span class='ocrx_word' id='word_1_27' title='bbox 346 354 409 397; x_wconf 81' lang='lat' dir='ltr'><strong>me</strong></span> <span class='ocrx_word' id='word_1_28' title='bbox 440 359 634 398; x_wconf 88' lang='lat' dir='ltr'><strong>beneficio</strong></span> <span class='ocrx_word' id='word_1_29' title='bbox 666 359 889 398; x_wconf 85' lang='lat' dir='ltr'><strong>arbitrabar.</strong></span> <span class='ocrx_word' id='word_1_30' title='bbox 950 359 1211 397; x_wconf 88' lang='lat' dir='ltr'><strong>Memineram</strong></span> <span class='ocrx_word' id='word_1_31' title='bbox 1251 372 1313 397; x_wconf 89' lang='lat' dir='ltr'><strong>me</strong></span> <span class='ocrx_word' id='word_1_32' title='bbox 1351 372 1435 397; x_wconf 88' lang='lat' dir='ltr'><strong>esse</strong></span> <span class='ocrx_word' id='word_1_33' title='bbox 1474 371 1598 396; x_wconf 90' lang='lat' dir='ltr'><strong>unum</strong></span> 
     </span>
     <span class='ocr_line' id='line_1_5' title="bbox 268 422 1599 474; baseline 0 -13"><span class='ocrx_word' id='word_1_34' title='bbox 268 424 335 473; x_wconf 92' lang='lat' dir='ltr'><strong>qui</strong></span> <span class='ocrx_word' id='word_1_35' title='bbox 368 438 439 474; x_wconf 91' lang='lat' dir='ltr'><strong>pro</strong></span> <span class='ocrx_word' id='word_1_36' title='bbox 470 424 566 462; x_wconf 86' lang='lat' dir='ltr'><strong>meis</strong></span> <span class='ocrx_word' id='word_1_37' title='bbox 598 423 775 462; x_wconf 76' lang='lat' dir='ltr'><strong>maximis</strong></span> <span class='ocrx_word' id='word_1_38' title='bbox 807 423 846 462; x_wconf 92' lang='lat' dir='ltr'><strong>in</strong></span> <span class='ocrx_word' id='word_1_39' title='bbox 880 437 961 462; x_wconf 91' lang='lat' dir='ltr'><strong>rem</strong></span> <span class='ocrx_word' id='word_1_40' title='bbox 996 423 1195 473; x_wconf 81' lang='lat' dir='ltr'>publicam</span> <span class='ocrx_word' id='word_1_41' title='bbox 1227 422 1372 461; x_wconf 85' lang='lat' dir='ltr'><strong>meritis</strong></span> <span class='ocrx_word' id='word_1_42' title='bbox 1408 422 1599 473; x_wconf 88' lang='lat' dir='ltr'><strong>supplicia</strong></span> 
     </span>
     <span class='ocr_line' id='line_1_6' title="bbox 229 487 1594 538; baseline 0 -13"><span class='ocrx_word' id='word_1_43' title='bbox 229 502 247 534; x_wconf 73' lang='lat'>5</span> <span class='ocrx_word' id='word_1_44' title='bbox 269 488 482 526; x_wconf 86' lang='lat' dir='ltr'><strong>miserrima</strong></span> <span class='ocrx_word' id='word_1_45' title='bbox 511 497 549 527; x_wconf 85' lang='lat' dir='ltr'><strong>et</strong></span> <span class='ocrx_word' id='word_1_46' title='bbox 578 488 847 527; x_wconf 89' lang='lat' dir='ltr'><strong>crudelissima</strong></span> <span class='ocrx_word' id='word_1_47' title='bbox 875 488 1131 538; x_wconf 82' lang='lat' dir='ltr'><strong>pertulissem,</strong></span> <span class='ocrx_word' id='word_1_48' title='bbox 1156 501 1218 525; x_wconf 93' lang='lat' dir='ltr'><strong>me</strong></span> <span class='ocrx_word' id='word_1_49' title='bbox 1248 501 1332 526; x_wconf 86' lang='lat' dir='ltr'><strong>esse</strong></span> <span class='ocrx_word' id='word_1_50' title='bbox 1364 501 1486 525; x_wconf 87' lang='lat' dir='ltr'><strong>unum</strong></span> <span class='ocrx_word' id='word_1_51' title='bbox 1516 487 1594 537; x_wconf 91' lang='lat' dir='ltr'><strong>qui,</strong></span> 
     </span>
     <span class='ocr_line' id='line_1_7' title="bbox 268 551 1597 591; baseline -0.002 0"><span class='ocrx_word' id='word_1_52' title='bbox 268 552 299 590; x_wconf 88' lang='lat' dir='ltr'><strong>si</strong></span> <span class='ocrx_word' id='word_1_53' title='bbox 333 553 585 591; x_wconf 83' lang='lat' dir='ltr'><strong>offendissem</strong></span> <span class='ocrx_word' id='word_1_54' title='bbox 625 553 707 591; x_wconf 88' lang='lat' dir='ltr'><strong>eius</strong></span> <span class='ocrx_word' id='word_1_55' title='bbox 746 553 921 591; x_wconf 88' lang='lat' dir='ltr'><strong>animum</strong></span> <span class='ocrx_word' id='word_1_56' title='bbox 956 552 1018 591; x_wconf 88' lang='lat' dir='ltr'><strong>cui</strong></span> <span class='ocrx_word' id='word_1_57' title='bbox 1056 560 1139 590; x_wconf 90' lang='lat' dir='ltr'><strong>tum</strong></span> <span class='ocrx_word' id='word_1_58' title='bbox 1171 565 1261 590; x_wconf 87' lang='lat' dir='ltr'><strong>cum</strong></span> <span class='ocrx_word' id='word_1_59' title='bbox 1296 551 1372 589; x_wconf 88' lang='lat' dir='ltr'><strong>iam</strong></span> <span class='ocrx_word' id='word_1_60' title='bbox 1407 551 1446 589; x_wconf 90' lang='lat' dir='ltr'><strong>in</strong></span> <span class='ocrx_word' id='word_1_61' title='bbox 1480 551 1597 590; x_wconf 87' lang='lat' dir='ltr'><strong>armis</strong></span> 
     </span>
     <span class='ocr_line' id='line_1_8' title="bbox 267 616 1596 667; baseline -0.002 -11"><span class='ocrx_word' id='word_1_62' title='bbox 267 630 441 656; x_wconf 83' lang='lat' dir='ltr'><strong>essemus</strong></span> <span class='ocrx_word' id='word_1_63' title='bbox 472 620 697 656; x_wconf 87' lang='lat' dir='ltr'><strong>consulatus</strong></span> <span class='ocrx_word' id='word_1_64' title='bbox 728 626 859 656; x_wconf 86' lang='lat' dir='ltr'><strong>tamen</strong></span> <span class='ocrx_word' id='word_1_65' title='bbox 888 619 984 656; x_wconf 87' lang='lat' dir='ltr'><strong>alter</strong></span> <span class='ocrx_word' id='word_1_66' title='bbox 1013 625 1050 656; x_wconf 91' lang='lat' dir='ltr'><strong>et</strong></span> <span class='ocrx_word' id='word_1_67' title='bbox 1080 617 1299 666; x_wconf 87' lang='lat' dir='ltr'><strong>triumphus</strong></span> <span class='ocrx_word' id='word_1_68' title='bbox 1332 616 1596 667; x_wconf 84' lang='lat' dir='ltr'><strong>amplissimus</strong></span> 
     </span>
     <span class='ocr_line' id='line_1_9' title="bbox 267 682 1597 732; baseline -0.001 -12"><span class='ocrx_word' id='word_1_69' title='bbox 267 683 523 729; x_wconf 84' lang='lat' dir='ltr'><strong>deferebatur,</strong></span> <span class='ocrx_word' id='word_1_70' title='bbox 566 682 763 721; x_wconf 81' lang='lat' dir='ltr'><strong>subicerer</strong></span> <span class='ocrx_word' id='word_1_71' title='bbox 806 682 953 721; x_wconf 86' lang='lat' dir='ltr'><strong>eisdem</strong></span> <span class='ocrx_word' id='word_1_72' title='bbox 1003 682 1169 732; x_wconf 88' lang='lat' dir='ltr'><strong>proeliis,</strong></span> <span class='ocrx_word' id='word_1_73' title='bbox 1210 689 1252 719; x_wconf 92' lang='lat' dir='ltr'><strong>ut</strong></span> <span class='ocrx_word' id='word_1_74' title='bbox 1301 694 1387 719; x_wconf 88' lang='lat' dir='ltr'><strong>mea</strong></span> <span class='ocrx_word' id='word_1_75' title='bbox 1430 694 1597 731; x_wconf 85' lang='lat' dir='ltr'><strong>persona</strong></span> 
     </span>
     <span class='ocr_line' id='line_1_10' title="bbox 268 745 1597 797; baseline -0.001 -13"><span class='ocrx_word' id='word_1_76' title='bbox 268 759 422 797; x_wconf 79' lang='lat' dir='ltr'><strong>semper</strong></span> <span class='ocrx_word' id='word_1_77' title='bbox 454 748 505 786; x_wconf 87' lang='lat' dir='ltr'><strong>ad</strong></span> <span class='ocrx_word' id='word_1_78' title='bbox 539 747 806 797; x_wconf 87' lang='lat' dir='ltr'><strong>improborum</strong></span> <span class='ocrx_word' id='word_1_79' title='bbox 839 746 982 785; x_wconf 88' lang='lat' dir='ltr'><strong>civium</strong></span> <span class='ocrx_word' id='word_1_80' title='bbox 1016 746 1186 796; x_wconf 87' lang='lat' dir='ltr'><strong>impetus</strong></span> <span class='ocrx_word' id='word_1_81' title='bbox 1216 745 1363 795; x_wconf 90' lang='lat' dir='ltr'><strong>aliquid</strong></span> <span class='ocrx_word' id='word_1_82' title='bbox 1402 745 1597 784; x_wconf 85' lang='lat' dir='ltr'><strong>videretur</strong></span> 
     </span>
     <span class='ocr_line' id='line_1_11' title="bbox 210 810 1596 862; baseline -0.001 -13"><span class='ocrx_word' id='word_1_83' title='bbox 210 826 250 849; x_wconf 88' lang='lat'><strong>10</strong></span> <span class='ocrx_word' id='word_1_84' title='bbox 268 812 412 850; x_wconf 86' lang='lat' dir='ltr'><strong>habere</strong></span> <span class='ocrx_word' id='word_1_85' title='bbox 433 814 630 862; x_wconf 89' lang='lat' dir='ltr'><strong>populare.</strong></span> <span class='ocrx_word' id='word_1_86' title='bbox 674 814 815 862; x_wconf 92' lang='lat' dir='ltr'><strong>Neque</strong></span> <span class='ocrx_word' id='word_1_87' title='bbox 836 813 932 850; x_wconf 91' lang='lat' dir='ltr'><strong>haec</strong></span> <span class='ocrx_word' id='word_1_88' title='bbox 954 825 1034 850; x_wconf 91' lang='lat' dir='ltr'><strong>non</strong></span> <span class='ocrx_word' id='word_1_89' title='bbox 1051 825 1123 861; x_wconf 83' lang='lat' dir='ltr'><strong>ego</strong></span> <span class='ocrx_word' id='word_1_90' title='bbox 1144 811 1249 861; x_wconf 89' lang='lat' dir='ltr'><strong>prius</strong></span> <span class='ocrx_word' id='word_1_91' title='bbox 1270 824 1356 849; x_wconf 86' lang='lat' dir='ltr'><strong>sum</strong></span> <span class='ocrx_word' id='word_1_92' title='bbox 1377 810 1596 860; x_wconf 88' lang='lat' dir='ltr'><strong>suspicatus</strong></span> 
     </span>
     <span class='ocr_line' id='line_1_12' title="bbox 269 875 1596 929; baseline -0.002 -13"><span class='ocrx_word' id='word_1_93' title='bbox 269 892 387 928; x_wconf 87' lang='lat' dir='ltr'><strong>quam</strong></span> <span class='ocrx_word' id='word_1_94' title='bbox 409 879 504 916; x_wconf 84' lang='lat' dir='ltr'><strong>mihi</strong></span> <span class='ocrx_word' id='word_1_95' title='bbox 532 881 660 929; x_wconf 86' lang='lat' dir='ltr'><strong>palam</strong></span> <span class='ocrx_word' id='word_1_96' title='bbox 685 878 916 917; x_wconf 87' lang='lat' dir='ltr'><strong>denuntiata</strong></span> <span class='ocrx_word' id='word_1_97' title='bbox 944 886 1047 925; x_wconf 84' lang='lat' dir='ltr'><strong>sunt,</strong></span> <span class='ocrx_word' id='word_1_98' title='bbox 1068 891 1196 927; x_wconf 85' lang='lat' dir='ltr'><strong>neque</strong></span> <span class='ocrx_word' id='word_1_99' title='bbox 1224 891 1270 915; x_wconf 91' lang='lat' dir='ltr'><strong>ea</strong></span> <span class='ocrx_word' id='word_1_100' title='bbox 1295 884 1374 915; x_wconf 86' lang='lat' dir='ltr'><strong>tam</strong></span> <span class='ocrx_word' id='word_1_101' title='bbox 1402 875 1596 926; x_wconf 78' lang='lat' dir='ltr'><strong>pertimui,</strong></span> 
     </span>
     <span class='ocr_line' id='line_1_13' title="bbox 268 941 1596 993; baseline -0.002 -12"><span class='ocrx_word' id='word_1_102' title='bbox 268 943 297 981; x_wconf 89' lang='lat' dir='ltr'><strong>si</strong></span> <span class='ocrx_word' id='word_1_103' title='bbox 334 944 540 982; x_wconf 86' lang='lat' dir='ltr'><strong>subeunda</strong></span> <span class='ocrx_word' id='word_1_104' title='bbox 579 951 722 992; x_wconf 77' lang='lat' dir='ltr'><strong>essent,</strong></span> <span class='ocrx_word' id='word_1_105' title='bbox 754 957 871 993; x_wconf 92' lang='lat' dir='ltr'><strong>quam</strong></span> <span class='ocrx_word' id='word_1_106' title='bbox 907 943 1144 981; x_wconf 86' lang='lat' dir='ltr'><strong>declinanda</strong></span> <span class='ocrx_word' id='word_1_107' title='bbox 1181 941 1327 992; x_wconf 83' lang='lat' dir='ltr'><strong>putavi,</strong></span> <span class='ocrx_word' id='word_1_108' title='bbox 1362 941 1390 979; x_wconf 89' lang='lat' dir='ltr'><strong>si</strong></span> <span class='ocrx_word' id='word_1_109' title='bbox 1430 942 1596 979; x_wconf 80' lang='lat' dir='ltr'><strong>honeste</strong></span> 
     </span>
     <span class='ocr_line' id='line_1_14' title="bbox 267 1006 1639 1059; baseline -0.003 -12"><span class='ocrx_word' id='word_1_110' title='bbox 267 1008 387 1047; x_wconf 82' lang='lat' dir='ltr'><strong>vitare</strong></span> <span class='ocrx_word' id='word_1_111' title='bbox 417 1022 584 1059; x_wconf 89' lang='lat' dir='ltr'><strong>possem.</strong></span> <span class='ocrx_word' id='word_1_112' title='bbox 645 1010 776 1058; x_wconf 85' lang='lat' dir='ltr'><strong>Quam</strong></span> <span class='ocrx_word' id='word_1_113' title='bbox 804 1009 962 1047; x_wconf 88' lang='lat' dir='ltr'><strong>brevem</strong></span> <span class='ocrx_word' id='word_1_114' title='bbox 990 1007 1091 1046; x_wconf 82' lang='lat' dir='ltr'><strong>illius</strong></span> <span class='ocrx_word' id='word_1_115' title='bbox 1119 1006 1318 1057; x_wconf 82' lang='lat' dir='ltr'><strong>temporis,</strong></span> <span class='ocrx_word' id='word_1_116' title='bbox 1339 1008 1434 1044; x_wconf 92' lang='lat' dir='ltr'><strong>dum</strong></span> <span class='ocrx_word' id='word_1_117' title='bbox 1462 1006 1500 1044; x_wconf 90' lang='lat' dir='ltr'><strong>in</strong></span> <span class='ocrx_word' id='word_1_118' title='bbox 1527 1019 1596 1055; x_wconf 90' lang='lat' dir='ltr'><strong>spe</strong></span> <span class='ocrx_word' id='word_1_119' title='bbox 1614 1009 1639 1047; x_wconf 91' lang='lat'>8</span> 
     </span>
     <span class='ocr_line' id='line_1_15' title="bbox 268 1071 1597 1123; baseline -0.003 -11"><span class='ocrx_word' id='word_1_120' title='bbox 268 1086 342 1123; x_wconf 86' lang='lat' dir='ltr'><strong>pax</strong></span> <span class='ocrx_word' id='word_1_121' title='bbox 381 1073 465 1122; x_wconf 85' lang='lat' dir='ltr'><strong>fuit,</strong></span> <span class='ocrx_word' id='word_1_122' title='bbox 499 1074 690 1112; x_wconf 84' lang='lat' dir='ltr'><strong>rationem</strong></span> <span class='ocrx_word' id='word_1_123' title='bbox 729 1081 902 1111; x_wconf 84' lang='lat' dir='ltr'><strong>nostram</strong></span> <span class='ocrx_word' id='word_1_124' title='bbox 941 1073 1064 1120; x_wconf 83' lang='lat' dir='ltr'><strong>vides,</strong></span> <span class='ocrx_word' id='word_1_125' title='bbox 1097 1071 1235 1121; x_wconf 86' lang='lat' dir='ltr'><strong>reliqui</strong></span> <span class='ocrx_word' id='word_1_126' title='bbox 1275 1073 1498 1109; x_wconf 80' lang='lat' dir='ltr'><strong>facultatem</strong></span> <span class='ocrx_word' id='word_1_127' title='bbox 1537 1083 1597 1108; x_wconf 91' lang='lat' dir='ltr'><strong>res</strong></span> 
     </span>
     <span class='ocr_line' id='line_1_16' title="bbox 210 1136 1595 1189; baseline -0.004 -11"><span class='ocrx_word' id='word_1_128' title='bbox 210 1149 247 1182; x_wconf 82' lang='lat'><strong>15</strong></span> <span class='ocrx_word' id='word_1_129' title='bbox 268 1139 426 1178; x_wconf 84' lang='lat' dir='ltr'><strong>ademit.</strong></span> <span class='ocrx_word' id='word_1_130' title='bbox 489 1140 542 1178; x_wconf 90' lang='lat' dir='ltr'><strong>Iis</strong></span> <span class='ocrx_word' id='word_1_131' title='bbox 563 1148 695 1178; x_wconf 87' lang='lat' dir='ltr'><strong>autem</strong></span> <span class='ocrx_word' id='word_1_132' title='bbox 716 1139 859 1189; x_wconf 89' lang='lat' dir='ltr'><strong>quibus</strong></span> <span class='ocrx_word' id='word_1_133' title='bbox 886 1152 966 1176; x_wconf 91' lang='lat' dir='ltr'><strong>non</strong></span> <span class='ocrx_word' id='word_1_134' title='bbox 994 1137 1085 1176; x_wconf 85' lang='lat' dir='ltr'><strong>satis</strong></span> <span class='ocrx_word' id='word_1_135' title='bbox 1110 1137 1210 1175; x_wconf 85' lang='lat' dir='ltr'><strong>facio</strong></span> <span class='ocrx_word' id='word_1_136' title='bbox 1231 1136 1343 1174; x_wconf 89' lang='lat' dir='ltr'><strong>facile</strong></span> <span class='ocrx_word' id='word_1_137' title='bbox 1364 1136 1595 1186; x_wconf 82' lang='lat' dir='ltr'><strong>respondeo.</strong></span> 
     </span>
     <span class='ocr_line' id='line_1_17' title="bbox 268 1199 1599 1255; baseline -0.005 -12"><span class='ocrx_word' id='word_1_138' title='bbox 268 1205 412 1254; x_wconf 82' lang='lat' dir='ltr'><strong>Neque</strong></span> <span class='ocrx_word' id='word_1_139' title='bbox 433 1205 538 1243; x_wconf 90' lang='lat' dir='ltr'><strong>enim</strong></span> <span class='ocrx_word' id='word_1_140' title='bbox 559 1218 632 1255; x_wconf 85' lang='lat' dir='ltr'><strong>ego</strong></span> <span class='ocrx_word' id='word_1_141' title='bbox 659 1203 820 1242; x_wconf 83' lang='lat' dir='ltr'><strong>amicior</strong></span> <span class='ocrx_word' id='word_1_142' title='bbox 847 1204 891 1242; x_wconf 90' lang='lat' dir='ltr'><strong>C.</strong></span> <span class='ocrx_word' id='word_1_143' title='bbox 916 1202 1073 1242; x_wconf 80' lang='lat' dir='ltr'><strong>Caesari</strong></span> <span class='ocrx_word' id='word_1_144' title='bbox 1102 1215 1290 1251; x_wconf 89' lang='lat' dir='ltr'><strong>umquam</strong></span> <span class='ocrx_word' id='word_1_145' title='bbox 1318 1200 1373 1239; x_wconf 89' lang='lat' dir='ltr'><strong>fui</strong></span> <span class='ocrx_word' id='word_1_146' title='bbox 1400 1214 1517 1250; x_wconf 89' lang='lat' dir='ltr'><strong>quam</strong></span> <span class='ocrx_word' id='word_1_147' title='bbox 1544 1199 1599 1238; x_wconf 90' lang='lat' dir='ltr'><strong>illi</strong></span> 
     </span>
     <span class='ocr_line' id='line_1_18' title="bbox 269 1265 1599 1319; baseline -0.005 -10"><span class='ocrx_word' id='word_1_148' title='bbox 269 1283 398 1319; x_wconf 89' lang='lat' dir='ltr'><strong>neque</strong></span> <span class='ocrx_word' id='word_1_149' title='bbox 418 1270 472 1308; x_wconf 92' lang='lat' dir='ltr'><strong>illi</strong></span> <span class='ocrx_word' id='word_1_150' title='bbox 493 1270 697 1308; x_wconf 84' lang='lat' dir='ltr'><strong>amiciores</strong></span> <span class='ocrx_word' id='word_1_151' title='bbox 725 1269 778 1308; x_wconf 90' lang='lat' dir='ltr'><strong>rei</strong></span> <span class='ocrx_word' id='word_1_152' title='bbox 806 1268 986 1319; x_wconf 87' lang='lat' dir='ltr'><strong>publicae</strong></span> <span class='ocrx_word' id='word_1_153' title='bbox 1014 1281 1131 1317; x_wconf 84' lang='lat' dir='ltr'><strong>quam</strong></span> <span class='ocrx_word' id='word_1_154' title='bbox 1159 1280 1242 1317; x_wconf 84' lang='lat' dir='ltr'><strong>ego.</strong></span> <span class='ocrx_word' id='word_1_155' title='bbox 1303 1268 1396 1304; x_wconf 86' lang='lat' dir='ltr'><strong>Hoc</strong></span> <span class='ocrx_word' id='word_1_156' title='bbox 1417 1265 1515 1304; x_wconf 89' lang='lat' dir='ltr'><strong>inter</strong></span> <span class='ocrx_word' id='word_1_157' title='bbox 1536 1278 1599 1303; x_wconf 90' lang='lat' dir='ltr'><strong>me</strong></span> 
     </span>
     <span class='ocr_line' id='line_1_19' title="bbox 268 1330 1599 1384; baseline -0.004 -12"><span class='ocrx_word' id='word_1_158' title='bbox 268 1342 306 1373; x_wconf 89' lang='lat' dir='ltr'><strong>et</strong></span> <span class='ocrx_word' id='word_1_159' title='bbox 336 1334 423 1373; x_wconf 88' lang='lat' dir='ltr'><strong>illos</strong></span> <span class='ocrx_word' id='word_1_160' title='bbox 453 1335 611 1374; x_wconf 89' lang='lat' dir='ltr'><strong>interest</strong></span> <span class='ocrx_word' id='word_1_161' title='bbox 642 1335 764 1384; x_wconf 88' lang='lat' dir='ltr'><strong>quod,</strong></span> <span class='ocrx_word' id='word_1_162' title='bbox 790 1348 880 1372; x_wconf 91' lang='lat' dir='ltr'><strong>cum</strong></span> <span class='ocrx_word' id='word_1_163' title='bbox 910 1341 947 1371; x_wconf 91' lang='lat' dir='ltr'><strong>et</strong></span> <span class='ocrx_word' id='word_1_164' title='bbox 978 1332 1031 1370; x_wconf 90' lang='lat' dir='ltr'><strong>illi</strong></span> <span class='ocrx_word' id='word_1_165' title='bbox 1061 1332 1164 1370; x_wconf 86' lang='lat' dir='ltr'><strong>cives</strong></span> <span class='ocrx_word' id='word_1_166' title='bbox 1195 1330 1333 1381; x_wconf 90' lang='lat' dir='ltr'><strong>optimi</strong></span> <span class='ocrx_word' id='word_1_167' title='bbox 1361 1330 1437 1368; x_wconf 85' lang='lat' dir='ltr'><strong>sint</strong></span> <span class='ocrx_word' id='word_1_168' title='bbox 1464 1337 1502 1368; x_wconf 92' lang='lat' dir='ltr'><strong>et</strong></span> <span class='ocrx_word' id='word_1_169' title='bbox 1526 1342 1599 1379; x_wconf 87' lang='lat' dir='ltr'><strong>ego</strong></span> 
     </span>
     <span class='ocr_line' id='line_1_20' title="bbox 268 1394 1598 1449; baseline -0.005 -10"><span class='ocrx_word' id='word_1_170' title='bbox 268 1400 319 1438; x_wconf 84' lang='lat' dir='ltr'><strong>ab</strong></span> <span class='ocrx_word' id='word_1_171' title='bbox 353 1400 426 1438; x_wconf 90' lang='lat' dir='ltr'><strong>ista</strong></span> <span class='ocrx_word' id='word_1_172' title='bbox 459 1402 576 1439; x_wconf 91' lang='lat' dir='ltr'><strong>laude</strong></span> <span class='ocrx_word' id='word_1_173' title='bbox 608 1415 687 1439; x_wconf 87' lang='lat' dir='ltr'><strong>non</strong></span> <span class='ocrx_word' id='word_1_174' title='bbox 722 1400 862 1447; x_wconf 84' lang='lat' dir='ltr'><strong>absim,</strong></span> <span class='ocrx_word' id='word_1_175' title='bbox 894 1413 966 1449; x_wconf 84' lang='lat' dir='ltr'><strong>ego</strong></span> <span class='ocrx_word' id='word_1_176' title='bbox 1005 1397 1320 1444; x_wconf 80' lang='lat' dir='ltr'><strong>condicionibus,</strong></span> <span class='ocrx_word' id='word_1_177' title='bbox 1351 1396 1459 1445; x_wconf 92' lang='lat' dir='ltr'><strong>quod</strong></span> <span class='ocrx_word' id='word_1_178' title='bbox 1492 1394 1598 1433; x_wconf 90' lang='lat' dir='ltr'><strong>idem</strong></span> 
     </span>
     <span class='ocr_line' id='line_1_21' title="bbox 212 1461 1599 1513; baseline -0.004 -10"><span class='ocrx_word' id='word_1_179' title='bbox 212 1477 250 1499; x_wconf 89' lang='lat'><strong>20</strong></span> <span class='ocrx_word' id='word_1_180' title='bbox 269 1473 306 1503; x_wconf 91' lang='lat' dir='ltr'><strong>te</strong></span> <span class='ocrx_word' id='word_1_181' title='bbox 328 1465 591 1503; x_wconf 80' lang='lat' dir='ltr'><strong>intellexeram</strong></span> <span class='ocrx_word' id='word_1_182' title='bbox 611 1467 724 1513; x_wconf 80' lang='lat' dir='ltr'><strong>velle,</strong></span> <span class='ocrx_word' id='word_1_183' title='bbox 744 1464 798 1502; x_wconf 90' lang='lat' dir='ltr'><strong>illi</strong></span> <span class='ocrx_word' id='word_1_184' title='bbox 823 1463 940 1502; x_wconf 88' lang='lat' dir='ltr'><strong>armis</strong></span> <span class='ocrx_word' id='word_1_185' title='bbox 967 1462 1175 1513; x_wconf 88' lang='lat' dir='ltr'><strong>disceptari</strong></span> <span class='ocrx_word' id='word_1_186' title='bbox 1195 1462 1425 1499; x_wconf 88' lang='lat' dir='ltr'><strong>maluerunt.</strong></span> <span class='ocrx_word' id='word_1_187' title='bbox 1485 1461 1599 1508; x_wconf 86' lang='lat' dir='ltr'><strong>Quae</strong></span> 
     </span>
     <span class='ocr_line' id='line_1_22' title="bbox 269 1523 1599 1580; baseline -0.005 -12"><span class='ocrx_word' id='word_1_188' title='bbox 269 1530 457 1580; x_wconf 88' lang='lat' dir='ltr'><strong>quoniam</strong></span> <span class='ocrx_word' id='word_1_189' title='bbox 478 1529 575 1568; x_wconf 86' lang='lat' dir='ltr'><strong>ratio</strong></span> <span class='ocrx_word' id='word_1_190' title='bbox 595 1529 699 1577; x_wconf 84' lang='lat' dir='ltr'><strong>vicit,</strong></span> <span class='ocrx_word' id='word_1_191' title='bbox 720 1529 919 1579; x_wconf 86' lang='lat' dir='ltr'><strong>perficiam</strong></span> <span class='ocrx_word' id='word_1_192' title='bbox 947 1530 1124 1578; x_wconf 90' lang='lat' dir='ltr'><strong>profecto</strong></span> <span class='ocrx_word' id='word_1_193' title='bbox 1148 1534 1190 1565; x_wconf 90' lang='lat' dir='ltr'><strong>ut</strong></span> <span class='ocrx_word' id='word_1_194' title='bbox 1210 1539 1340 1576; x_wconf 89' lang='lat' dir='ltr'><strong>neque</strong></span> <span class='ocrx_word' id='word_1_195' title='bbox 1361 1538 1420 1563; x_wconf 90' lang='lat' dir='ltr'><strong>res</strong></span> <span class='ocrx_word' id='word_1_196' title='bbox 1440 1523 1599 1575; x_wconf 85' lang='lat' dir='ltr'><strong>publiea</strong></span> 
     </span>
     <span class='ocr_line' id='line_1_23' title="bbox 269 1591 1262 1644; baseline -0.003 -12"><span class='ocrx_word' id='word_1_197' title='bbox 269 1593 362 1632; x_wconf 85' lang='lat' dir='ltr'><strong>civis</strong></span> <span class='ocrx_word' id='word_1_198' title='bbox 382 1607 405 1632; x_wconf 90' lang='lat' dir='ltr'><strong>a</strong></span> <span class='ocrx_word' id='word_1_199' title='bbox 425 1607 489 1632; x_wconf 93' lang='lat' dir='ltr'><strong>me</strong></span> <span class='ocrx_word' id='word_1_200' title='bbox 508 1593 685 1632; x_wconf 86' lang='lat' dir='ltr'><strong>animum</strong></span> <span class='ocrx_word' id='word_1_201' title='bbox 705 1607 834 1644; x_wconf 90' lang='lat' dir='ltr'><strong>neque</strong></span> <span class='ocrx_word' id='word_1_202' title='bbox 855 1601 896 1631; x_wconf 91' lang='lat' dir='ltr'><strong>tu</strong></span> <span class='ocrx_word' id='word_1_203' title='bbox 916 1592 1033 1631; x_wconf 87' lang='lat' dir='ltr'><strong>amici</strong></span> <span class='ocrx_word' id='word_1_204' title='bbox 1052 1591 1262 1630; x_wconf 88' lang='lat' dir='ltr'><strong>desideres.</strong></span> 
     </span>
    </p>
   </div>
   <div class='ocr_carea' id='block_1_3' title="bbox 313 1751 1354 1796">
    <p class='ocr_par' dir='ltr' id='par_1_3' title="bbox 313 1751 1354 1796">
     <span class='ocr_line' id='line_1_24' title="bbox 313 1751 1354 1796; baseline -0.005 -8"><span class='ocrx_word' id='word_1_205' title='bbox 313 1753 405 1788; x_wconf 86' lang='lat' dir='ltr'><strong>XII</strong></span> <span class='ocrx_word' id='word_1_206' title='bbox 516 1756 587 1789; x_wconf 78' lang='lat' dir='ltr'><strong>Ser.</strong></span> <span class='ocrx_word' id='word_1_207' title='bbox 605 1758 638 1788; x_wconf 79' lang='lat' dir='ltr'><strong>in</strong></span> <span class='ocrx_word' id='word_1_208' title='bbox 656 1756 838 1788; x_wconf 75' lang='lat' dir='ltr'><strong>Formiano</strong></span> <span class='ocrx_word' id='word_1_209' title='bbox 850 1755 939 1796; x_wconf 79' lang='lat' dir='ltr'><strong>prid.</strong></span> <span class='ocrx_word' id='word_1_210' title='bbox 958 1754 1002 1787; x_wconf 89' lang='lat' dir='ltr'><strong>K.</strong></span> <span class='ocrx_word' id='word_1_211' title='bbox 1021 1754 1121 1785; x_wconf 79' lang='lat' dir='ltr'><strong>Mart.</strong></span> <span class='ocrx_word' id='word_1_212' title='bbox 1142 1764 1173 1784; x_wconf 86' lang='grc' dir='ltr'><strong>α.</strong></span> <span class='ocrx_word' id='word_1_213' title='bbox 1194 1763 1248 1793; x_wconf 79' lang='lat'><strong>705</strong></span> <span class='ocrx_word' id='word_1_214' title='bbox 1266 1751 1354 1793; x_wconf 72' lang='lat'><em>(49).</em></span> 
     </span>
    </p>
   </div>
   <div class='ocr_carea' id='block_1_4' title="bbox 688 1846 1182 1880">
    <p class='ocr_par' dir='ltr' id='par_1_4' title="bbox 688 1846 1182 1880">
     <span class='ocr_line' id='line_1_25' title="bbox 688 1846 1182 1880; baseline -0.006 0"><span class='ocrx_word' id='word_1_215' title='bbox 688 1850 862 1880; x_wconf 84' lang='lat' dir='ltr'><strong>CICERO</strong></span> <span class='ocrx_word' id='word_1_216' title='bbox 888 1848 1059 1879; x_wconf 85' lang='lat' dir='ltr'><strong>ATTICO</strong></span> <span class='ocrx_word' id='word_1_217' title='bbox 1085 1846 1182 1878; x_wconf 83' lang='lat' dir='ltr'><strong>SAL.</strong></span> 
     </span>
    </p>
   </div>
   <div class='ocr_carea' id='block_1_5' title="bbox 213 1917 1636 2164">
    <p class='ocr_par' dir='ltr' id='par_1_5' title="bbox 213 1917 1636 2164">
     <span class='ocr_line' id='line_1_26' title="bbox 213 1917 1636 1970; baseline -0.003 -13"><span class='ocrx_word' id='word_1_218' title='bbox 213 1923 250 1956; x_wconf 87' lang='lat'><strong>²5</strong></span> <span class='ocrx_word' id='word_1_219' title='bbox 325 1920 428 1959; x_wconf 89' lang='lat' dir='ltr'><strong>Mihi</strong></span> <span class='ocrx_word' id='word_1_220' title='bbox 459 1920 660 1959; x_wconf 86' lang='lat' dir='ltr'><strong>molestior</strong></span> <span class='ocrx_word' id='word_1_221' title='bbox 697 1923 883 1970; x_wconf 72' lang='lat' dir='ltr'><strong>lippitudo</strong></span> <span class='ocrx_word' id='word_1_222' title='bbox 921 1927 1001 1958; x_wconf 87' lang='lat' dir='ltr'><strong>erat</strong></span> <span class='ocrx_word' id='word_1_223' title='bbox 1033 1918 1150 1957; x_wconf 85' lang='lat' dir='ltr'><strong>etiam</strong></span> <span class='ocrx_word' id='word_1_224' title='bbox 1185 1930 1304 1967; x_wconf 84' lang='lat' dir='ltr'><strong>quam</strong></span> <span class='ocrx_word' id='word_1_225' title='bbox 1338 1923 1429 1955; x_wconf 85' lang='lat' dir='ltr'><strong>ante</strong></span> <span class='ocrx_word' id='word_1_226' title='bbox 1459 1917 1594 1954; x_wconf 86' lang='lat' dir='ltr'><strong>fuerat.</strong></span> <span class='ocrx_word' id='word_1_227' title='bbox 1617 1925 1636 1953; x_wconf 94' lang='lat'>1</span> 
     </span>
     <span class='ocr_line' id='line_1_27' title="bbox 272 1980 1598 2035; baseline -0.005 -11"><span class='ocrx_word' id='word_1_228' title='bbox 272 1985 431 2024; x_wconf 88' lang='lat' dir='ltr'><strong>Dictare</strong></span> <span class='ocrx_word' id='word_1_229' title='bbox 468 1993 600 2024; x_wconf 90' lang='lat' dir='ltr'><strong>tamen</strong></span> <span class='ocrx_word' id='word_1_230' title='bbox 634 1987 736 2024; x_wconf 89' lang='lat' dir='ltr'><strong>hanc</strong></span> <span class='ocrx_word' id='word_1_231' title='bbox 774 1985 980 2035; x_wconf 86' lang='lat' dir='ltr'><strong>epistulam</strong></span> <span class='ocrx_word' id='word_1_232' title='bbox 1020 1983 1139 2021; x_wconf 87' lang='lat' dir='ltr'><strong>malui</strong></span> <span class='ocrx_word' id='word_1_233' title='bbox 1170 1995 1289 2032; x_wconf 86' lang='lat' dir='ltr'><strong>quam</strong></span> <span class='ocrx_word' id='word_1_234' title='bbox 1325 1983 1439 2019; x_wconf 87' lang='lat' dir='ltr'><strong>Gallo</strong></span> <span class='ocrx_word' id='word_1_235' title='bbox 1474 1980 1598 2019; x_wconf 89' lang='lat' dir='ltr'><strong>Fadio</strong></span> 
     </span>
     <span class='ocr_line' id='line_1_28' title="bbox 270 2046 1596 2100; baseline -0.005 -12"><span class='ocrx_word' id='word_1_236' title='bbox 270 2049 540 2088; x_wconf 89' lang='lat' dir='ltr'><strong>amantissimo</strong></span> <span class='ocrx_word' id='word_1_237' title='bbox 564 2050 766 2100; x_wconf 83' lang='lat' dir='ltr'><strong>utriusque</strong></span> <span class='ocrx_word' id='word_1_238' title='bbox 792 2058 968 2088; x_wconf 82' lang='lat' dir='ltr'><strong>nostrum</strong></span> <span class='ocrx_word' id='word_1_239' title='bbox 998 2048 1094 2086; x_wconf 83' lang='lat' dir='ltr'><strong>nihil</strong></span> <span class='ocrx_word' id='word_1_240' title='bbox 1114 2049 1164 2086; x_wconf 87' lang='lat' dir='ltr'><strong>ad</strong></span> <span class='ocrx_word' id='word_1_241' title='bbox 1189 2055 1227 2086; x_wconf 91' lang='lat' dir='ltr'><strong>te</strong></span> <span class='ocrx_word' id='word_1_242' title='bbox 1254 2046 1465 2084; x_wconf 88' lang='lat' dir='ltr'><strong>litterarum</strong></span> <span class='ocrx_word' id='word_1_243' title='bbox 1493 2046 1596 2083; x_wconf 89' lang='lat' dir='ltr'><strong>dare.</strong></span> 
     </span>
     <span class='ocr_line' id='line_1_29' title="bbox 272 2110 1598 2164; baseline -0.005 -11"><span class='ocrx_word' id='word_1_244' title='bbox 272 2116 376 2153; x_wconf 89' lang='lat' dir='ltr'><strong>Nam</strong></span> <span class='ocrx_word' id='word_1_245' title='bbox 410 2114 534 2164; x_wconf 83' lang='lat' dir='ltr'><strong>pridie</strong></span> <span class='ocrx_word' id='word_1_246' title='bbox 565 2114 740 2164; x_wconf 84' lang='lat' dir='ltr'><strong>quidem,</strong></span> <span class='ocrx_word' id='word_1_247' title='bbox 771 2128 933 2164; x_wconf 90' lang='lat' dir='ltr'><strong>quoquo</strong></span> <span class='ocrx_word' id='word_1_248' title='bbox 964 2115 1085 2151; x_wconf 89' lang='lat' dir='ltr'><strong>modo</strong></span> <span class='ocrx_word' id='word_1_249' title='bbox 1118 2120 1332 2163; x_wconf 88' lang='lat' dir='ltr'><strong>potueram,</strong></span> <span class='ocrx_word' id='word_1_250' title='bbox 1370 2110 1598 2160; x_wconf 88' lang='lat' dir='ltr'><strong>scripseram</strong></span> 
     </span>
    </p>
   </div>
   <div class='ocr_carea' id='block_1_6' title="bbox 274 2214 1602 2430">
    <p class='ocr_par' dir='ltr' id='par_1_6' title="bbox 274 2214 1602 2430">
     <span class='ocr_line' id='line_1_30' title="bbox 317 2214 1600 2256; baseline -0.003 -9"><span class='ocrx_word' id='word_1_251' title='bbox 317 2219 338 2248; x_wconf 93' lang='lat'><strong>6</strong></span> <span class='ocrx_word' id='word_1_252' title='bbox 362 2218 413 2247; x_wconf 88' lang='lat' dir='ltr'><strong>cui</strong></span> <span class='ocrx_word' id='word_1_253' title='bbox 433 2222 501 2248; x_wconf 86' lang='lat' dir='ltr'><strong>tum</strong></span> <span class='ocrx_word' id='word_1_254' title='bbox 520 2227 593 2247; x_wconf 88' lang='lat' dir='ltr'><strong>cum</strong></span> <span class='ocrx_word' id='word_1_255' title='bbox 612 2217 710 2247; x_wconf 80' lang='lat' dir='ltr'><strong>Rom.</strong></span> <span class='ocrx_word' id='word_1_256' title='bbox 730 2217 770 2248; x_wconf 88' lang='lat' dir='ltr'><strong>I:</strong></span> <span class='ocrx_word' id='word_1_257' title='bbox 794 2217 845 2247; x_wconf 83' lang='lat' dir='ltr'><strong>eui</strong></span> <span class='ocrx_word' id='word_1_258' title='bbox 863 2221 897 2246; x_wconf 89' lang='lat' dir='ltr'><strong>tu</strong></span> <span class='ocrx_word' id='word_1_259' title='bbox 915 2227 988 2247; x_wconf 81' lang='lat' dir='ltr'><strong>cum</strong></span> <span class='ocrx_word' id='word_1_260' title='bbox 1008 2215 1081 2256; x_wconf 75' lang='lat' dir='ltr'><strong>(sed</strong></span> <span class='ocrx_word' id='word_1_261' title='bbox 1101 2221 1136 2246; x_wconf 88' lang='lat' dir='ltr'><strong>tu</strong></span> <span class='ocrx_word' id='word_1_262' title='bbox 1153 2215 1366 2256; x_wconf 44' lang='lat' dir='ltr'><strong>expnnrluml</strong></span> <span class='ocrx_word' id='word_1_263' title='bbox 1388 2214 1429 2244; x_wconf 93' lang='lat' dir='ltr'><em>M</em></span> <span class='ocrx_word' id='word_1_264' title='bbox 1579 2214 1600 2243; x_wconf 90' lang='lat'>8</span> 
     </span>
     <span class='ocr_line' id='line_1_31' title="bbox 274 2257 1598 2301; baseline -0.004 -10"><span class='ocrx_word' id='word_1_265' title='bbox 274 2261 433 2301; x_wconf 77' lang='lat' dir='ltr'><strong>procellis</strong></span> <span class='ocrx_word' id='word_1_266' title='bbox 459 2264 465 2276; x_wconf 83' lang='lat'><em>‘</em></span> <span class='ocrx_word' id='word_1_267' title='bbox 480 2261 553 2290; x_wconf 76' lang='lat' dir='ltr'><strong>alii·</strong></span> <span class='ocrx_word' id='word_1_268' title='bbox 572 2266 627 2301; x_wconf 82' lang='lat' dir='ltr'><strong>ap.</strong></span> <span class='ocrx_word' id='word_1_269' title='bbox 647 2260 830 2291; x_wconf 75' lang='lat' dir='ltr'><strong>corradum</strong></span> <span class='ocrx_word' id='word_1_270' title='bbox 848 2259 989 2299; x_wconf 57' lang='lat' dir='ltr'><strong>Madvzg</strong></span> <span class='ocrx_word' id='word_1_271' title='bbox 1076 2260 1125 2300; x_wconf 82' lang='lat' dir='ltr'><strong>ut]</strong></span> <span class='ocrx_word' id='word_1_272' title='bbox 1152 2260 1241 2298; x_wconf 86' lang='lat' dir='ltr'><strong>quod</strong></span> <span class='ocrx_word' id='word_1_273' title='bbox 1261 2259 1338 2289; x_wconf 83' lang='lat' dir='ltr'><strong>com&#39;.</strong></span> <span class='ocrx_word' id='word_1_274' title='bbox 1360 2257 1500 2288; x_wconf 78' lang='lat' dir='ltr'><strong>Mz‘iller:</strong></span> <span class='ocrx_word' id='word_1_275' title='bbox 1525 2266 1598 2287; x_wconf 85' lang='lat' dir='ltr'><strong>cum</strong></span> 
     </span>
     <span class='ocr_line' id='line_1_32' title="bbox 274 2300 1602 2343; baseline -0.003 -9"><span class='ocrx_word' id='word_1_276' title='bbox 274 2304 360 2334; x_wconf 64' lang='lat' dir='ltr'><strong>sz&#39;d</strong></span> <span class='ocrx_word' id='word_1_277' title='bbox 473 2313 512 2334; x_wconf 84' lang='lat'><strong>10</strong></span> <span class='ocrx_word' id='word_1_278' title='bbox 537 2304 656 2343; x_wconf 87' lang='lat' dir='ltr'><strong>Neque</strong></span> <span class='ocrx_word' id='word_1_279' title='bbox 674 2304 818 2334; x_wconf 62' lang='lat' dir='ltr'><strong>Malle-r:</strong></span> <span class='ocrx_word' id='word_1_280' title='bbox 842 2309 943 2342; x_wconf 86' lang='lat' dir='ltr'><strong>atque</strong></span> <span class='ocrx_word' id='word_1_281' title='bbox 962 2301 1004 2332; x_wconf 94' lang='lat' dir='ltr'><em>M</em></span> <span class='ocrx_word' id='word_1_282' title='bbox 1132 2313 1170 2342; x_wconf 89' lang='lat'><strong>13</strong></span> <span class='ocrx_word' id='word_1_283' title='bbox 1195 2303 1302 2341; x_wconf 78' lang='lat' dir='ltr'><strong>Quam</strong></span> <span class='ocrx_word' id='word_1_284' title='bbox 1322 2302 1389 2332; x_wconf 70' lang='lat' dir='ltr'><em>secl.</em></span> <span class='ocrx_word' id='word_1_285' title='bbox 1412 2300 1550 2339; x_wconf 65' lang='lat' dir='ltr'><strong>Affadvig</strong></span> <span class='ocrx_word' id='word_1_286' title='bbox 1564 2303 1602 2330; x_wconf 89' lang='lat' dir='ltr'><strong>ut</strong></span> 
     </span>
     <span class='ocr_line' id='line_1_33' title="bbox 274 2343 1599 2387; baseline -0.003 -9"><span class='ocrx_word' id='word_1_287' title='bbox 274 2358 312 2378; x_wconf 85' lang='lat' dir='ltr'><strong>ex</strong></span> <span class='ocrx_word' id='word_1_288' title='bbox 326 2348 486 2386; x_wconf 76' lang='lat' dir='ltr'><strong>superiore</strong></span> <span class='ocrx_word' id='word_1_289' title='bbox 502 2358 596 2378; x_wconf 83' lang='lat' dir='ltr'><strong>versu</strong></span> <span class='ocrx_word' id='word_1_290' title='bbox 621 2351 703 2387; x_wconf 81' lang='lat' dir='ltr'><strong>repet</strong></span> <span class='ocrx_word' id='word_1_291' title='bbox 712 2349 808 2378; x_wconf 68' lang='lat' dir='ltr'><strong>⁴tum:</strong></span> <span class='ocrx_word' id='word_1_292' title='bbox 837 2347 1002 2386; x_wconf 74' lang='lat' dir='ltr'><strong>perquam</strong></span> <span class='ocrx_word' id='word_1_293' title='bbox 1027 2346 1113 2376; x_wconf 79' lang='lat' dir='ltr'><em>Re··d</em></span> <span class='ocrx_word' id='word_1_294' title='bbox 1212 2356 1249 2375; x_wconf 86' lang='lat'><strong>21</strong></span> <span class='ocrx_word' id='word_1_295' title='bbox 1278 2347 1357 2375; x_wconf 76' lang='lat' dir='ltr'><strong>vicit</strong></span> <span class='ocrx_word' id='word_1_296' title='bbox 1380 2344 1420 2374; x_wconf 61' lang='grc' dir='ltr'><strong>[ΡΙ</strong></span> <span class='ocrx_word' id='word_1_297' title='bbox 1436 2343 1599 2385; x_wconf 81' lang='lat' dir='ltr'><strong>(marg.):</strong></span> 
     </span>
     <span class='ocr_line' id='line_1_34' title="bbox 276 2389 1327 2430; baseline -0.004 -8"><span class='ocrx_word' id='word_1_298' title='bbox 276 2391 365 2422; x_wconf 87' lang='lat' dir='ltr'><strong>misit</strong></span> <span class='ocrx_word' id='word_1_299' title='bbox 387 2390 428 2421; x_wconf 94' lang='lat' dir='ltr'><em>M</em></span> <span class='ocrx_word' id='word_1_300' title='bbox 556 2400 598 2430; x_wconf 83' lang='lat'><strong>25</strong></span> <span class='ocrx_word' id='word_1_301' title='bbox 624 2391 792 2430; x_wconf 83' lang='lat' dir='ltr'><strong>lippitudo</strong></span> <span class='ocrx_word' id='word_1_302' title='bbox 809 2390 884 2422; x_wconf 82' lang='lat' dir='ltr'><strong>add.</strong></span> <span class='ocrx_word' id='word_1_303' title='bbox 907 2394 998 2421; x_wconf 82' lang='lat' dir='ltr'><strong>vctt.:</strong></span> <span class='ocrx_word' id='word_1_304' title='bbox 1023 2389 1110 2429; x_wconf 72' lang='grc' dir='ltr'>λήμη</span> <span class='ocrx_word' id='word_1_305' title='bbox 1128 2389 1205 2420; x_wconf 80' lang='lat' dir='ltr'><strong>coni.</strong></span> <span class='ocrx_word' id='word_1_306' title='bbox 1227 2389 1327 2419; x_wconf 76' lang='lat' dir='ltr'><strong>Orelli</strong></span> 
     </span>
    </p>
   </div>
   <div class='ocr_carea' id='block_1_7' title="bbox 0 2446 1817 2832">
    <p class='ocr_par' dir='ltr' id='par_1_7' title="bbox 0 2446 1817 2832">
     <span class='ocr_line' id='line_1_35' title="bbox 0 2446 1817 2832; baseline 0 0"><span class='ocrx_word' id='word_1_307' title='bbox 0 2446 1817 2832; x_wconf 95' lang='lat' dir='ltr'><strong> </strong></span> 
     </span>
    </p>
   </div>
  </div>
 </body>
</html>
