1817 2832
207 781 245 804 10

201 1434 240 1456 20

662 74 774 111 EPP.
806 74 885 111 AD
915 73 1174 112 ATTICVM
1478 75 1596 112 VIII.
1616 74 1660 111 vi

267 183 306 221 in
346 183 599 223 Formianum
637 184 744 224 venit
777 186 828 223 ad
869 186 936 223 Μ’.
969 184 1166 235 Lepidum
1205 184 1377 223 vicinum
1418 193 1594 223 nostrum

266 248 407 298 quoius
428 258 611 299 quaestor
631 250 712 288 fuit.
773 250 937 300 Pompei
958 250 1172 288 litterarum
1193 252 1243 288 ad
1266 252 1447 289 consules
1469 264 1594 289 exem-

266 314 373 363 plum
395 314 523 352 attulit
540 329 546 352 :

322 378 518 417 ‘Litterae
549 379 644 417 mihi
678 394 701 418 a
733 382 775 418 L.
807 380 986 418 Domitio
1019 393 1052 418 a.
1090 381 1126 418 d.
1163 392 1240 418 X111
1276 381 1445 418 Kalend.
1476 382 1590 418 Mart.
1616 395 1639 421 2

264 444 418 481 adlatae
452 452 553 482 sunt.
619 447 763 483 Earum
798 447 1021 495 exemplum
1056 445 1155 483 infra
1189 445 1334 494 scripsi.
1400 447 1517 483 Nunc
1551 453 1594 483 ut

265 521 339 557 ego
368 522 448 546 non
478 509 657 557 scribam,
683 518 750 548 tua
778 518 919 560 sponte
948 518 986 548 te
1012 509 1235 559 intellegere
1264 509 1345 547 scio
1375 510 1509 559 quanti
1539 509 1593 547 rei

265 573 447 623 publicae
468 573 616 613 intersit
637 575 766 613 omnis
786 575 918 624 copias
939 575 978 612 in
1000 588 1122 612 unum
1144 576 1274 612 locum
1292 574 1417 623 primo
1434 588 1593 624 quoque

265 645 443 687 tempore
480 640 700 678 convenire.
759 641 832 678 Tu„
869 640 900 678 si
938 639 1009 677 tibi
1042 639 1248 685 videbitur,
1282 639 1394 677 dabis
1432 652 1591 689 operam

265 710 307 740 ut
329 716 447 752 quam
478 704 647 754 primum
674 705 725 743 ad
752 718 824 743 nos
850 704 996 752 venitm,
1020 703 1188 754 praesidi
1215 704 1375 754 Capuae
1400 712 1591 753 quantum

265 767 513 807 constitueris
534 769 625 807 satis
645 783 730 808 esse
749 769 971 819 relinquas'

320 833 476 872 Deinde
506 835 711 885 supposuit
734 837 955 885 exemplum
983 834 1173 885 epistulae
1199 834 1349 873 Domiti
1380 836 1487 884 quod
1518 848 1590 885 ego
1610 845 1634 883 3

263 898 313 935 ad
339 906 376 935 te
403 898 526 948 pridie
557 913 747 937 mlseram.
809 899 860 937 Di
887 899 1136 945 immortales,
1161 899 1226 949 qui
1257 913 1319 938 me
1349 901 1483 937 horror
1509 914 1591 950 per-

263 962 387 1000 fudit!
429 977 546 1013 quam
587 977 672 1002 sum
712 963 899 1002 sollicitus
933 964 1122 1013 quidnam
1163 966 1335 1002 futurum
1374 964 1446 1002 sit1
1496 966 1589 1003 Hoc

263 1035 395 1065 tamen
424 1041 548 1077 spero,
572 1041 757 1078 magnum
784 1041 931 1066 nomen
956 1028 1198 1078 imperatoris
1223 1030 1317 1074 fore,
1339 1042 1523 1077 magnum
1549 1029 1587 1066 in

226 1107 240 1136 5
263 1093 435 1130 adventu
457 1101 652 1132 terrorem.
712 1094 833 1142 Spero
853 1093 982 1140 etiam,
999 1092 1185 1142 quoniam
1206 1094 1336 1130 adhuc
1357 1093 1452 1130 nihil
1474 1094 1588 1131 nobis

263 1157 389 1195 obfuit
419 1158 551 1196 †nihil
583 1166 769 1196 mutasset
799 1158 1043 1208 neglegentia
1075 1159 1150 1195 hoc
1182 1159 1289 1207 quod
1319 1171 1407 1195 cum
1441 1158 1589 1196 fortiter

262 1230 300 1260 et
324 1223 529 1273 diligenter
555 1231 638 1261 tum
669 1223 785 1262 etiam
814 1237 877 1261 me
903 1224 1061 1261 hercule
1076 1228 1107 1261 †.
1168 1224 1295 1261 Modo
1322 1222 1426 1260 enim
1455 1223 1584 1261 audivi
1604 1233 1629 1269 4

262 1296 491 1337 quartanam
521 1302 544 1326 a
569 1296 607 1327 te
636 1288 871 1327 discessisse.
937 1288 1084 1326 Moriar
1108 1287 1138 1326 si
1166 1287 1287 1337 magis
1314 1289 1524 1336 gauderem
1555 1288 1586 1326 si

260 1351 300 1390 id
323 1352 417 1390 mihi
437 1353 654 1391 accidisset.
711 1353 830 1391 Piliae
851 1353 915 1391 dic
935 1366 1015 1391 non
1037 1366 1120 1390 esse
1140 1366 1310 1401 aequum
1332 1366 1417 1390 eam
1440 1352 1586 1390 diutius

260 1417 405 1455 hahere
434 1431 507 1455 nec
537 1417 576 1455 id
604 1431 688 1456 esse
714 1425 863 1455 vestrae
892 1416 1136 1454 concordiae.
1196 1416 1382 1453 Tironem
1408 1424 1582 1454 nostrum
1604 1424 1628 1462 5

258 1481 309 1519 ab
335 1483 456 1519 altera
481 1481 657 1520 relictum
684 1482 813 1520 audio.
873 1483 951 1519 Sed
981 1495 1070 1519 eum
1096 1480 1211 1518 video
1240 1480 1278 1517 in
1309 1489 1509 1530 sumptum
1534 1482 1583 1520 ab

257 1545 341 1583 aliis
369 1554 615 1594 mutuatum3
644 1560 717 1596 ego
741 1555 871 1585 autem
898 1546 1060 1585 Curium
1091 1554 1267 1583 nostrum
1298 1545 1328 1583 si
1359 1545 1454 1595 quid
1484 1560 1582 1596 opus

257 1619 359 1649 esset
393 1625 578 1661 rogaram.
644 1613 754 1650 Malo
777 1611 934 1649 Tironis
968 1610 1244 1649 verecundiam
1276 1610 1315 1648 in
1349 1612 1465 1660 culpa
1498 1624 1582 1650 esse

257 1689 375 1726 quam
397 1676 710 1714 inliberalitatem
732 1675 836 1715 Curi.

301 1791 319 1816 4
345 1789 408 1809 xm
436 1779 609 1811 Corradus.
639 1780 675 1818 ff
708 1789 740 1808 11
756 1790 786 1809 D.
818 1789 857 1818 3:
892 1789 958 1810 vrir
987 1779 1028 1809 M
1177 1780 1197 1808 6
1221 1778 1363 1809 scribam
1399 1778 1581 1810 Corradus:

257 1823 403 1853 sciebam
431 1822 472 1851 M
626 1834 646 1861 9
682 1828 717 1852 ut
740 1822 794 1852 §L
815 1824 952 1863 ξηιανς.)
974 1823 1059 1853 Crat.
1077 1834 1082 1854 :
1113 1833 1178 1854 om.
1198 1827 1225 1852 Δ
1402 1833 1439 1852 10
1457 1824 1581 1852 consti-

257 1866 364 1896 tueris
381 1866 419 1896 l:
453 1866 699 1896 constitueritis
726 1867 766 1895 M
994 1876 1029 1904 14
1057 1877 1180 1896 nornen
1209 1866 1420 1904 imperatoris
1435 1866 1516 1904 sorl.
1547 1871 1583 1895 ul

251 1910 417 1949 glossema
435 1913 481 1939 est
496 1909 667 1939 delendum
685 1913 712 1939 et
727 1909 899 1948 legendum
919 1909 1078 1947 Magnum
1092 1913 1167 1948 post
1183 1920 1286 1948 spero
1474 1911 1522 1946 16,
1543 1919 1579 1947 17

257 1953 341 1982 nihil
368 1976 376 1984 .
407 1977 414 1984 .
445 1977 453 1984 .
485 1962 537 1982 me
565 1952 718 1986 herculel
745 1952 796 1982 De
819 1953 877 1982 lzoc
901 1954 964 1982 loco
991 1953 1076 1982 uiln'l
1098 1952 1193 1982 aliud
1215 1952 1384 1982 dicendum
1412 1956 1456 1981 est
1478 1963 1580 1991 qnam

254 1996 348 2026 latere
375 1996 534 2026 timiditas
560 1996 622 2029 (vel
646 1995 778 2033 levitas)
805 1999 834 2025 cl
859 1996 1085 2034 neglegentia.
1150 1995 1240 2025 Talia
1273 1995 1417 2031 Boetius,
1453 1999 1489 2024 ut
1519 1997 1582 2035 ipsc

255 2039 337 2075 dicit,
357 2039 542 2068 lmriolatur
556 2039 664 2078 Spero
681 2039 791 2074 etiam,
807 2040 965 2077 quoniam
984 2038 1063 2068 nihil
1089 2038 1184 2068 nobis
1202 2039 1306 2068 obfuit
1324 2040 1387 2068 nisi
1409 2039 1528 2068 levitas
1546 2045 1578 2068 et

255 2082 482 2121 neglegentia,
499 2082 562 2112 hoc
575 2083 663 2120 quod
681 2092 770 2113 nunc
787 2082 823 2113 fit
839 2082 970 2112 sortiter
983 2087 1016 2112 et
1033 2081 1215 2121 diligenter
1231 2086 1359 2121 gestum
1380 2082 1427 2113 iri.
1470 2082 1576 2112 Etiam

255 2135 308 2156 me
328 2126 463 2157 hercule
480 2126 622 2165 gaudeo.
