1790 2837
69 147 99 185 Ι.
123 146 232 184 xviii
553 146 609 184 M.
642 145 810 183 TVLLI
843 145 1149 185 CICERONIS

192 256 410 297 Memmius
438 255 518 295 suis
547 255 665 295 sacris
696 255 861 295 initiavit
876 271 888 304 ;
928 257 1137 295 Menelaus
1168 269 1282 307 aegre
1315 255 1356 296 id
1385 270 1522 308 passus

190 321 401 360 divortium
429 321 530 359 fecit.
591 322 846 371 Quamquam
877 320 942 359 ille
965 328 1098 371 pastor
1124 322 1268 360 Idaeus
1291 323 1522 361 Menelaum

189 388 318 424 solum
348 393 648 436 contempserat,
672 386 736 424 hic
756 393 890 425 noster
910 386 1017 424 Paris
1040 393 1119 424 tam
1142 388 1372 425 Menelaum
1402 400 1521 437 quarn

144 456 170 492 4
190 452 533 501 Agamemnonem
564 451 731 489 liberum
765 465 847 489 non
881 450 1042 501 putavit.
1104 453 1175 489 Est
1208 458 1340 489 autern
1373 452 1416 490 C.
1442 453 1523 490 He-

189 515 349 555 rennius
369 515 531 566 quidam
553 516 733 555 tribunus
757 518 820 566 pl„
845 530 963 566 quem
993 523 1034 554 tu
1061 517 1224 554 fortasse
1245 529 1295 554 ne
1316 516 1419 555 nosti
1440 516 1522 566 qui·
1541 529 1558 560 5

190 583 283 621 dem
298 596 309 630 ,·
337 582 493 621 tametsi
519 590 633 632 potes
659 596 786 629 nosse,
810 581 963 620 tribulis
991 581 1096 620 enim
1125 590 1217 620 tuus
1243 590 1301 620 est
1322 589 1360 620 et
1381 583 1520 621 Sextus

187 654 298 696 pater
323 646 407 685 eius
431 659 617 685 nummos
643 646 756 685 vobis
786 646 962 685 dividere
987 647 1150 685 solebat.
1212 648 1253 684 Is
1281 647 1332 684 ad
1361 646 1520 696 plebem

187 713 228 750 P.
254 712 442 752 Clodium
470 712 639 751 traducit
668 712 855 762 idemque
882 713 954 750 fert
981 719 1023 750 ut
1051 711 1256 750 universus
1282 712 1452 761 populus
1479 711 1520 749 in

185 790 328 827 campo
361 777 507 816 Martio
541 777 766 827 suffragium
801 778 851 815 de
885 791 925 815 re
958 776 1077 816 Clodi
1112 778 1219 815 ferat.
1291 778 1414 814 Hunc
1445 790 1518 826 ego

184 842 320 892 accepi
347 842 387 880 in
415 850 564 889 senatu,
587 850 630 880 ut
651 844 770 889 soleo,
794 843 864 881 sed
886 842 983 880 nihil
1004 849 1062 881 est
1090 841 1157 880 illo
1178 841 1340 880 homine
1361 840 1514 880 lentius.
1540 854 1580 877 ιο

142 912 166 951 5
187 909 374 946 Metellus
398 916 456 946 est
485 909 624 946 consul
651 907 827 958 egregius
854 915 892 946 et
913 921 985 945 nos
1005 914 1122 955 amat,
1145 908 1215 946 sed
1237 906 1435 944 imminuit
1454 920 1519 944 au-

185 973 406 1012 ctoritatem
435 987 545 1011 suam
567 974 676 1023 quod
697 974 817 1011 habet
844 972 942 1011 dicis
971 986 1088 1011 causa
1108 973 1399 1023 promulgatum
1420 971 1518 1010 illud

184 1037 291 1076 idem
313 1039 364 1077 de
384 1038 539 1078 Clodio.
590 1037 683 1076 Auli
704 1045 836 1076 autem
857 1037 972 1086 filius,
994 1051 1018 1076 o
1038 1037 1079 1076 di
1100 1037 1339 1075 immortales
1361 1040 1366 1075 1
1398 1050 1517 1087 quam

183 1102 346 1152 ignavus
374 1117 420 1142 ac
451 1103 534 1141 sine
563 1103 697 1141 animo
724 1102 860 1141 miles!
900 1116 1018 1152 quam
1049 1102 1190 1153 dignus
1223 1102 1290 1152 qui
1318 1102 1514 1149 Palicano,

137 1172 164 1209 6
184 1167 284 1206 sicut
305 1168 406 1215 facit,
430 1182 474 1208 os
501 1170 551 1208 ad
576 1170 678 1207 male
698 1168 943 1207 audiendum
965 1168 1111 1207 cotidie
1132 1169 1340 1219 praebeat!
1399 1170 1517 1219 Agra·
1539 1182 1576 1213 15

183 1231 239 1270 ria
269 1240 403 1271 autem
430 1234 676 1283 promulgata
708 1240 766 1271 est
796 1246 819 1271 a
849 1232 984 1270 Flavio
1015 1246 1110 1271 sane
1141 1232 1236 1271 levis
1267 1233 1407 1271 eadem
1437 1234 1517 1271 fere

183 1310 287 1346 quae
305 1297 377 1336 fuit
398 1297 535 1336 Plotia.
596 1299 674 1336 Sed
702 1297 849 1336 interea
868 1300 1058 1338 πολιτικὸς
1085 1299 1177 1348 ἀνὴρ
1203 1298 1278 1336 οὐδ’
1302 1298 1389 1347 ὄναρ
1415 1297 1517 1347 quis-

183 1375 303 1412 quam
324 1362 489 1401 inveniri
515 1369 672 1412 potest3
701 1361 768 1412 qui
795 1370 957 1412 poterat,
982 1362 1180 1401 familiaris
1207 1370 1340 1401 noster
1365 1361 1437 1412 (sic
1457 1369 1516 1400 est

183 1426 314 1474 enim3
342 1428 433 1466 volo
462 1435 500 1465 te
530 1428 606 1465 hoc
636 1426 751 1478 scire)
783 1428 996 1478 Pompeius
1026 1430 1200 1478 togulam
1232 1428 1339 1466 illam
1369 1427 1514 1477 pictam

183 1492 340 1531 silentio
363 1500 493 1530 tuetur
517 1505 638 1530 suam.
700 1494 864 1532 Crassus
894 1494 1058 1531 verbum
1090 1495 1242 1531 nullum
1271 1501 1407 1531 contra
1435 1505 1515 1542 gra·
1536 1506 1575 1528 20

182 1557 288 1595 tiam.
348 1558 511 1597 Ceteros
538 1557 615 1595 iam
644 1557 770 1605 nosti3
801 1558 867 1607 qui
898 1558 950 1596 ita
979 1566 1069 1596 sunt
1096 1559 1202 1597 stulti
1234 1566 1276 1596 ut
1305 1558 1448 1596 amissa
1474 1570 1514 1595 re

138 1629 161 1667 7
181 1621 341 1672 publica
370 1621 539 1671 piscinas
568 1635 657 1660 suas
686 1623 767 1660 fore
795 1623 919 1659 salvas
950 1636 1104 1672 sperare
1124 1622 1340 1661 videantur.
1400 1624 1513 1659 Vnus

181 1694 239 1725 est
267 1686 333 1736 qui
361 1694 469 1725 curet
496 1687 717 1725 constantia
747 1686 870 1737 magis
896 1694 933 1725 et
958 1687 1178 1738 integritate
1200 1701 1330 1738 quam,
1353 1695 1395 1725 ut
1416 1687 1513 1725 mihi

180 1751 346 1798 videtur,
369 1751 534 1790 consilio
563 1759 630 1790 aut
659 1751 830 1801 ingenio,
852 1753 977 1800 Cat03
1006 1753 1073 1802 qui
1095 1752 1256 1791 miseros
1278 1752 1512 1803 publicanos

181 1830 282 1867 quos
312 1817 450 1856 habuit
478 1816 769 1855 amantissimos
800 1817 858 1855 sui
889 1817 1046 1856 tertium
1077 1818 1155 1856 iam
1190 1832 1367 1856 mensem
1400 1825 1512 1856 vexat
1533 1830 1571 1862 25

181 1895 312 1932 neque
342 1882 387 1920 iis
416 1895 439 1920 a
468 1890 606 1921 senatu
633 1896 866 1932 responsum
895 1882 977 1921 dari
1003 1883 1156 1933 patitur.
1218 1885 1280 1921 Ita
1309 1897 1381 1921 nos
1411 1882 1512 1932 cogi-

182 1961 271 1985 mur
309 1947 467 1996 reliquis
502 1948 553 1985 de
583 1947 699 1986 rebus
732 1946 830 1984 nihil
862 1948 1074 1985 decernere
1113 1955 1204 1986 ante
1239 1961 1356 1997 quam
1388 1947 1513 1996 publi-

180 2012 289 2050 canis
318 2025 551 2062 responsum
582 2011 640 2050 sit.
702 2013 792 2060 Qua
812 2026 852 2050 re
873 2011 991 2050 etiam
1013 2011 1228 2062 legationes
1249 2011 1437 2050 reiectum
1467 2011 1512 2050 iri

179 2085 288 2128 puto.

136 2141 160 2179 8
236 2144 354 2181 Nunc
383 2141 493 2181 vides
525 2141 669 2193 quibus
695 2141 879 2180 fluctibus
909 2141 1109 2190 iactemur,
1138 2150 1176 2182 et
1203 2142 1234 2181 si
1260 2157 1307 2182 ex
1332 2142 1378 2181 iis
1408 2156 1509 2193 quae
1531 2155 1570 2186 30

181 2207 406 2258 scripsimus
439 2215 547 2246 tanta
577 2207 695 2245 etiarn
726 2220 749 2245 a
781 2221 844 2245 me
875 2221 956 2245 non
988 2207 1131 2258 scripta
1160 2207 1357 2258 perspicis,
1387 2207 1511 2245 revise

181 2286 254 2311 nos
288 2273 503 2322 aliquando
536 2279 584 2319 et,
620 2285 861 2322 quamquam
894 2280 984 2310 sunt
1016 2273 1114 2311 haec
1146 2272 1333 2323 fugienda
1364 2286 1443 2322 quo
1473 2279 1511 2311 te

182 2351 292 2384 voco,
316 2345 449 2376 tamen
476 2338 536 2375 fac
563 2343 606 2375 ut
637 2349 812 2374 amorem
845 2344 1023 2375 nostrum
1054 2337 1151 2375 tanti
1181 2337 1362 2376 aestimes
1392 2344 1434 2375 ut
1464 2349 1512 2374 eo

532 2442 571 2472 16
589 2444 664 2481 post
676 2445 788 2471 autem
806 2440 881 2472 add.
903 2440 958 2471 lex
980 2440 1167 2482 chseuberg
