1817 2832
147 137 215 175 IV.
239 136 301 174 vii
607 136 673 174 M:
695 137 864 174 TVLLI
899 136 1206 176 CICERONIS

285 243 378 278 VII
467 246 535 278 Scr.
555 246 588 276 in
606 246 772 287 Arpinati
787 258 832 277 m.
853 246 935 288 Apr.
956 251 1016 277 (ml
1032 247 1113 278 Mai.
1134 258 1164 278 a.
1184 247 1249 288 698
1266 246 1354 288 (56).

664 323 838 354 CICERO
863 323 1035 354 ATTICO
1061 323 1158 355 SAL.

207 414 223 441 1
298 401 407 439 Nihil
446 402 699 451 εὐκαιρότερον
730 400 898 451 epistula
933 409 999 439 tua
1038 415 1140 451 quae
1175 415 1238 440 me
1277 401 1487 440 sollicitum
1522 403 1572 440 de

243 466 395 515 Quinto
414 474 559 513 nostro,
584 480 707 516 puero
728 466 891 517 optimo,
915 468 1029 505 valde
1057 466 1208 505 levavit.
1269 469 1440 505 Venerat
1468 467 1573 505 horis

241 533 396 570 duabus
434 539 526 571 ante
566 531 828 582 ChaerippuS‚
867 545 974 570 mera
1012 539 1187 570 monstra
1225 531 1432 570 nuntiarat.
1512 534 1573 570 De
1595 543 1611 574 5

242 596 457 646 Apollonio
478 598 587 646 quod
608 596 758 644 scribis,
779 596 846 646 qui
874 596 927 634 illi
952 596 993 635 di
1020 596 1105 634 irati
1123 598 1129 634 ἒ
1160 595 1312 634 homini
1333 598 1486 634 Graeco
1507 596 1574 646 qui

242 662 451 700 conturbat
480 669 599 711 atque
619 661 725 699 idem
747 669 859 711 putat
888 660 962 699 sibi
992 661 1108 699 licere
1135 662 1244 710 quod
1271 660 1469 710 equitibus
1498 662 1576 699 Ro-

200 736 224 763 2
244 726 379 765 manis.
440 728 545 765 Nam
565 726 775 765 Terentius
797 739 868 764 suo
889 725 981 765 iure.
1045 728 1106 764 De
1129 727 1294 764 Metello

693 794 762 844 οὗχ
791 793 878 842 ὁσίη
908 792 1157 842 φθιμένοισιν,

240 858 310 896 sed
331 864 464 899 tamen
485 857 618 895 multis
638 857 752 895 annis
773 857 867 896 civis
884 870 1003 895 nemo
1024 864 1104 895 erat
1125 864 1302 894 mortuus
1324 855 1391 906 qui
1412 856 1571 906 quidem
1597 867 1635 890 10

241 953 247 960 .
281 953 288 960 .
321 952 328 960 .
360 921 452 961 Tibi
482 919 636 961 nummi
666 936 756 961 meo
786 922 961 972 periculo
991 921 1078 960 sint.
1140 921 1249 970 Quid
1276 921 1382 960 enim
1403 921 1575 959 vereris?

241 988 547 1037 Quemcumque
568 989 752 1026 heredem
776 987 877 1033 fecit,
898 986 971 1025 nisi
993 986 1177 1026 Publium
1199 984 1301 1034 fecit,
1324 984 1449 1024 virum
1471 986 1573 1032 fecit,

240 1066 321 1090 non
343 1052 533 1102 improbe,
557 1066 799 1103 quamquam
820 1052 892 1090 fuit
913 1052 1006 1102 ipse.
1068 1054 1159 1101 Qua
1183 1066 1222 1090 re
1249 1052 1290 1090 in
1314 1053 1391 1090 hoc
1418 1052 1574 1090 thecam

242 1117 503 1156 nummariam
524 1132 605 1156 non
626 1118 822 1166 retexens,
842 1117 882 1155 in
903 1118 987 1156 aliis
1009 1117 1082 1156 eris
1103 1118 1262 1156 cautior.

200 1191 223 1228 3
299 1185 393 1221 Mea
417 1184 604 1222 mandata
630 1185 680 1222 de
707 1185 829 1222 domo
859 1183 1024 1230 curabis,
1054 1183 1247 1233 praesidia
1276 1182 1436 1229 locabis,
1460 1181 1575 1221 Milo·
1598 1193 1633 1223 15

242 1262 334 1286 nem
365 1248 611 1286 admonebis.
672 1247 922 1298 Arpinatium
952 1248 1128 1286 fremitus
1158 1255 1216 1286 cst
1251 1246 1490 1286 incredibilis
1524 1248 1575 1286 de

243 1313 409 1352 Laterio.
470 1313 578 1362 Quid
600 1312 783 1363 quaeris?
812 1313 997 1363 equidem
1020 1312 1128 1352 dolui
1146 1326 1157 1361 3

646 1380 665 1416 ὁ
695 1379 733 1416 δὲ
762 1381 827 1416 οὐκ
857 1380 1039 1428 ἐμπάζετο
1068 1378 1202 1428 μύθων.

242 1444 363 1493 Quod
385 1451 571 1494 superest,
590 1442 708 1482 etiam
729 1457 895 1493 puerum
918 1442 1153 1483 Ciceronem
1175 1441 1329 1481 curabis
1351 1450 1388 1482 et
1408 1441 1570 1490 amabis,

241 1518 283 1548 ut
304 1509 409 1548 facis.
1593 1521 1633 1542 20

280 1625 402 1660 VIII
491 1629 561 1661 Ser.
581 1629 618 1659 in
632 1629 768 1660 Antiati
784 1641 828 1662 m.
850 1630 936 1671 Apr.
954 1632 1013 1662 aut
1029 1630 1112 1662 Mai.
1133 1640 1163 1662 a.
1184 1629 1350 1671 69S(56).

654 1706 831 1738 CICERO
856 1706 1029 1739 ATTICO
1056 1708 1153 1740 SAL.

206 1795 222 1821 1
297 1786 425 1823 Multa
442 1799 504 1823 me
521 1784 559 1822 in
577 1784 744 1834 epistula
765 1794 831 1824 tua
844 1788 1089 1825 delectarunt
1106 1785 1174 1824 sed
1191 1784 1287 1823 nihil
1309 1782 1432 1834 magis
1453 1798 1570 1835 quam

240 1849 374 1900 patina
395 1849 628 1899 tyrotarichi.
691 1852 795 1888 Nam
817 1853 867 1890 de
889 1852 1125 1889 raudusculo
1146 1852 1254 1900 quod
1276 1849 1423 1897 scribis,

449 1917 559 1966 μήπω
587 1914 670 1969 μέγ’
701 1917 803 1968 Εἵπῃς
831 1917 916 1967 πρὶν
943 1915 1202 1966 ΤΕλΕυΤήσαῑΙΤ’
1231 1917 1317 1967 ἴδῃς.
1593 1934 1630 1963 25

289 2031 305 2059 7
331 2020 509 2051 conturbat
534 2026 636 2061 atque
662 2020 748 2051 idem
775 2022 877 2053 Boot:
905 2022 1119 2052 conturbaret
1144 2022 1277 2060 quidem
1303 2020 1366 2051 M:
1390 2021 1570 2051 conturbat

244 2069 277 2094 et
306 2063 393 2094 idem
418 2064 576 2094 Bt't'clzcler
716 2075 754 2095 10
779 2070 932 2095 mortuus
963 2066 1019 2104 qui
1050 2066 1143 2104 (qnid
1177 2064 1232 2095 Mi
1258 2064 1396 2104 quidem
1415 2089 1422 2095 .
1442 2090 1447 2095 .
1469 2089 1475 2094 .
1494 2069 1571 2104 apo-

242 2108 381 2147 st'opesz'S,
398 2107 482 2149 sort.
500 2108 704 2138 audl'endmn
732 2108 843 2139 minus
868 2113 920 2138 est
945 2109 1190 2139 desiderandus
1212 2108 1262 2138 vel
1284 2107 1380 2147 peior
1404 2107 1453 2137 vel
1469 2108 1574 2136 sinn'le

241 2149 323 2188 quid
433 2159 471 2179 12
496 2149 751 2188 Quemcumque
769 2149 851 2181 cdd.:
879 2160 1099 2189 quaecunque
1117 2149 1158 2179 M
1276 2151 1437 2181 heredem
1457 2152 1573 2181 fecerit

241 2192 360 2223 Lamh.
404 2193 508 2223 virum
527 2193 663 2223 sllsillz-r:
689 2204 805 2223 verum
825 2193 865 2222 ΛΙ
955 2203 991 2231 13
1016 2193 1167 2233 improbe
1196 2204 1271 2225 corr.
1289 2195 1321 2224 in
1337 2195 1496 2234 improbil
1512 2194 1573 2226 M:

241 2236 429 2275 improbum
456 2236 476 2265 I
511 2237 632 2276 Tin-rell
727 2247 917 2276 quanquam
948 2236 1036 2268 edd.:
1064 2247 1264 2276 quemquam
1296 2237 1342 2268 M.
1451 2238 1572 2268 Tolum

240 2280 347 2309 locum
372 2281 416 2310 ila
440 2279 498 2310 dat
519 2280 642 2310 lllz'c'llcr
658 2280 776 2319 †Quid
802 2281 937 2320 quidem
954 2279 1013 2310 tibi
1042 2282 1188 2311 nummi?
1214 2292 1288 2311 meo
1316 2281 1464 2320 periculo
1492 2282 1571 2312 sint.

241 2323 328 2361 Quid
355 2324 444 2353 enim
471 2324 620 2354 vereris?
646 2324 890 2363 Quemcunque
915 2324 1076 2354 heredem
1102 2324 1190 2364 fecit,
1213 2326 1276 2355 nisi
1298 2325 1452 2355 Publium
1481 2325 1567 2364 fecit,

240 2367 349 2396 virum
368 2367 446 2397 fecit
464 2378 530 2397 non
547 2368 798 2406 improbiorem,
812 2378 907 2407 quam
926 2368 988 2397 fuit
1003 2367 1074 2406 ipse
1212 2379 1249 2407 14
1276 2369 1361 2405 non]
1376 2379 1476 2407 quom
1490 2379 1568 2399 (om.

240 2409 364 2439 Msillcr
452 2420 490 2450 19
514 2411 614 2450 Quod
626 2416 783 2451 superest
795 2412 896 2442 etiam
907 2410 1019 2442 codd.:
1044 2411 1131 2450 Quid
1144 2414 1320 2452 superest?
1351 2412 1459 2443 Etiam
1474 2411 1567 2444 Man,
