1817 2832
151 117 307 156 VIII.i
405 154 410 157 ,
671 117 726 154 M.
759 114 928 153 TVLLI
959 113 1267 153 CICERONIS

258 240 281 276 3
358 229 450 276 Quo
479 227 608 265 minus
636 226 785 274 mirere,
804 225 835 263 si
856 224 999 262 invitus
1020 224 1059 262 in
1081 238 1167 262 eam
1188 237 1347 261 causam
1368 224 1570 262 descendo
1590 221 1630 260 in

301 306 378 342 qua
400 305 530 341 neque
550 290 657 341 pacis
685 304 815 339 neque
839 289 1024 327 victoriae
1045 288 1142 326 ratio
1169 287 1347 338 quaesita
1367 287 1414 326 sit
1441 301 1630 337 umquam

300 359 369 395 sed
408 370 564 406 semper
594 355 809 405 flagitiosae
840 362 878 392 et
917 353 1168 392 calamitosae
1207 353 1334 402 fugae,
1365 353 1552 398 eundum,
1589 360 1631 388 ut

300 434 594 471 quemcumque
615 421 692 458 fors
720 419 848 457 tulerit
873 432 1007 456 casum
1036 418 1199 460 subeam
1227 416 1357 466 potius
1379 430 1469 454 cum
1496 416 1541 453 iis
1563 415 1629 465 qui

300 486 485 525 dicuntur
514 499 598 523 esse
629 484 723 522 boni
753 497 871 534 quam
902 483 1035 521 videar
1065 496 1088 520 a
1121 481 1236 520 bonis
1268 481 1484 520 dissentire.
1545 480 1628 518 Etsi
1648 494 1665 526 5

300 564 422 601 prope
444 550 549 589 diem
571 550 686 588 video
711 550 918 595 bonorum,
943 548 982 586 id
1008 556 1065 586 est
1092 549 1288 585 lautorum
1315 554 1354 585 et
1374 547 1631 595 locupletum,

300 616 438 654 urbem
469 617 648 653 refertam
678 616 770 661 fore,
804 612 1026 663 municipiis
1053 626 1145 650 vero
1175 611 1234 649 his
1264 610 1406 649 relictis
1437 609 1633 648 refertissi-

301 694 416 719 mam.
479 681 571 728 Quo
611 693 684 728 ego
719 679 758 716 in
793 692 958 716 numero
992 690 1133 724 essem,
1164 676 1195 714 si
1225 677 1297 714 hos
1327 675 1482 713 lictores
1515 676 1634 712 mole-

302 749 492 787 stissimos
514 761 593 786 non
616 748 813 792 haberem,
838 759 911 783 nec
934 759 996 782 me
1020 746 1085 782 Μ’.
1110 743 1265 793 Lepidi,
1287 745 1330 781 L.
1353 741 1527 789 Volcaci,
1551 743 1629 779 Ser.

301 812 448 862 Sulpici
475 812 665 851 comitum
697 810 926 861 paeniteret,
947 823 1115 859 quorum
1146 822 1265 846 nemo
1293 821 1366 845 nec
1396 806 1548 845 stultior
1574 814 1632 844 est
1657 821 1693 843 ιο

301 891 419 927 quam
452 878 493 915 L.
524 875 723 914 Domitius
757 889 831 913 nec
865 873 1150 912 inconstantior
1180 886 1299 922 quam
1329 874 1403 922 Ap.
1428 871 1629 910 Claudius.

255 954 282 990 4
302 944 413 979 Vnus
456 940 668 991 Pompeius
718 954 779 978 me
828 946 960 976 movet
1007 938 1214 985 beneficio,
1257 951 1337 975 non
1388 937 1629 974 auctoritate.

304 1008 434 1055 Quam
467 1005 572 1044 enim
604 1005 667 1044 ille
702 1005 845 1042 habeat
876 1003 1148 1041 auctoritatem
1184 1002 1223 1040 in
1257 1004 1328 1040 hac
1363 1003 1509 1040 causa?
1552 1001 1630 1050 qui,

303 1085 392 1110 cum
432 1085 570 1110 omnes
611 1072 820 1110 Caesarem
860 1069 1146 1115 metuebamus,
1180 1068 1263 1118 ipse
1302 1081 1393 1106 eum
1432 1067 1630 1116 diligebat,

302 1144 512 1186 postquam
543 1135 626 1185 ipse
654 1143 828 1173 metuere
855 1133 996 1184 coepit,
1020 1141 1130 1183 putat
1158 1132 1286 1171 omnis
1314 1132 1437 1171 hostis
1464 1131 1517 1169 illi
1547 1145 1632 1170 esse
1657 1146 1690 1177 ¹5

302 1210 491 1251 oportere.
565 1200 716 1239 Ibimus
752 1208 884 1237 tamen
926 1198 1142 1237 Luceriam.
1214 1200 1300 1236 Nec
1339 1212 1429 1236 eum
1469 1199 1632 1235 fortasse

301 1265 513 1304 delectabit
544 1274 676 1304 noster
704 1266 922 1311 adventus;
965 1263 1211 1302 dissimulare
1245 1262 1350 1301 enim
1383 1275 1462 1299 non
1495 1269 1632 1311 potero

302 1330 397 1368 mihi
432 1344 533 1380 quae
566 1331 697 1368 adhuc
736 1337 823 1368 acta
861 1328 938 1366 sint
976 1328 1192 1378 displicere.
1254 1330 1339 1377 Ego
1378 1326 1409 1365 si
1448 1340 1632 1365 somnum

301 1409 440 1445 capere
475 1409 642 1445 possem,
679 1402 757 1433 tam
792 1394 918 1444 longis
951 1402 988 1432 te
1026 1394 1202 1444 epistulis
1241 1407 1320 1432 non
1356 1389 1629 1432 o'btunderem.

302 1464 375 1509 Tu,
399 1461 430 1501 si
451 1461 521 1501 tibi
543 1463 683 1501 eadem
704 1474 823 1500 causa
843 1468 911 1508 est,
937 1474 999 1499 me
1020 1473 1268 1499 remunerere
1289 1473 1382 1498 sane
1402 1458 1530 1498 velim.
1654 1469 1693 1491 20

343 1545 392 1580 ῙῙ
567 1546 637 1577 Ser.
655 1546 690 1576 in
707 1546 887 1576 Formiano
903 1546 963 1575 xiii
978 1545 1019 1576 K.
1039 1544 1138 1576 Mart.
1157 1555 1187 1575 a.
1211 1555 1267 1584 705
1287 1544 1371 1586 (49).

706 1615 877 1645 CICERO
906 1614 1088 1645 ATTICO
1118 1613 1224 1645 SAL.

265 1694 282 1720 1
358 1680 459 1719 Mihi
494 1694 585 1719 vero
620 1679 754 1718 omnia
785 1688 904 1729 grata,
935 1687 973 1717 et
1002 1679 1111 1728 quod
1143 1677 1330 1728 scripsisti
1359 1679 1409 1717 ad
1440 1691 1502 1716 me
1532 1690 1633 1727 quae

301 1746 479 1785 audieras
507 1753 545 1784 et
570 1746 678 1795 quod
709 1758 789 1782 non
820 1743 1019 1782 credidisti
1041 1757 1142 1792 quae
1170 1743 1289 1792 digna
1316 1742 1519 1792 diligentia
1546 1755 1633 1780 mea

302 1825 383 1849 non
422 1818 531 1849 erant
569 1818 607 1848 et
646 1810 753 1859 quod
794 1807 981 1846 monuisti
1020 1809 1128 1857 quod
1168 1807 1375 1845 sentiebas.
1450 1809 1535 1856 Ego
1582 1807 1632 1845 ad
1656 1819 1693 1851 25

303 1878 511 1916 Caesarem
540 1888 637 1912 unas
671 1875 808 1923 Capua
834 1873 979 1911 litteras
1007 1872 1099 1910 dedi
1132 1872 1275 1921 quibus
1305 1873 1355 1910 ad
1384 1886 1430 1910 ea
1456 1871 1632 1921 rescripsi

303 1955 404 1991 quae
439 1953 595 1978 mecum
628 1939 691 1977 ille
722 1940 772 1977 de
806 1937 1087 1988 gladiatoribus
1120 1937 1198 1975 suis
1231 1944 1374 1986 egerat,
1400 1936 1529 1986 ⁴brevis
1564 1937 1633 1975 sed

250 2020 255 2025 ’
306 2005 619 2045 benevolentiam
651 2003 917 2053 significantis,
941 2016 1021 2040 non
1050 2003 1171 2040 modo
1192 2002 1276 2040 sine
1300 2001 1540 2040 contumelia
1564 2002 1634 2039 sed

304 2071 421 2110 etiam
443 2084 532 2108 cum
564 2069 733 2107 maxima
759 2069 875 2106 laude
904 2066 1079 2116 Pompei.
1141 2068 1189 2105 Id
1216 2066 1322 2105 enim
1350 2066 1414 2104 illa
1440 2065 1634 2104 sententia

304 2135 528 2187 postulabat
549 2148 627 2184 qua
653 2134 761 2171 illum
782 2134 833 2170 ad
858 2131 1112 2170 concordiam
1137 2131 1329 2169 hortabar.
1390 2133 1468 2169 Eas
1495 2130 1525 2168 si
1553 2144 1632 2180 quo
1654 2147 1695 2178 30

352 2245 412 2274 1—3
437 2235 512 2273 Quo
530 2258 536 2264 .
557 2259 563 2265 .
586 2258 592 2264 .
615 2233 731 2272 fugae]
749 2232 829 2272 sori.
850 2242 924 2262 cnm
942 2230 1203 2272 praccedentilms
1226 2229 1492 2269 coniungendam
1515 2233 1636 2269 etpost

307 2279 406 2317 fugae
423 2278 553 2317 longius
568 2276 866 2316 interpungendum
1086 2284 1105 2303 2
1129 2275 1171 2303 sit
1195 2274 1269 2304 M²2
1295 2280 1346 2304 est
1367 2273 1463 2304 Viva:
1489 2283 1553 2303 om.
1576 2271 1632 2301 Ml

307 2333 325 2361 5
352 2323 448 2352 bonis
474 2321 505 2351 I:
528 2321 684 2351 omnibus
703 2320 743 2349 M
992 2320 1013 2348 6
1035 2318 1250 2357 locupletium
1276 2316 1480 2355 vett.,sedcf.
1494 2317 1550 2346 vii.
1567 2326 1594 2354 7.
1619 2326 1632 2354 7

313 2376 361 2404 15,
383 2367 420 2395 16
444 2375 520 2394 esse
537 2369 697 2403 oportere
716 2367 738 2393 Σ
756 2362 784 2392 L
805 2362 944 2401 (marg)
960 2374 965 2391 :
993 2366 1151 2400 oportere
1168 2371 1245 2392 esse
1264 2365 1291 2390 Δ
1405 2361 1442 2388 18
1467 2365 1545 2390 sunt
1561 2363 1631 2390 vett.

310 2419 352 2449 29
376 2419 450 2440 cum
475 2407 590 2438 Mam:
625 2407 725 2437 huius
750 2406 809 2437 AW:
834 2417 907 2437 cum
927 2406 1026 2436 huius
1044 2404 1155 2445 (deleto
1172 2404 1326 2445 Pompei)
1345 2403 1475 2434 Ernesti
