1790 2837
587 131 700 171 EPP.
732 133 810 170 AD
839 133 1100 172 ATTICVM
1146 130 1149 131 ⁷
1489 135 1544 174 II.
1562 136 1607 174 iii

238 243 420 281 ‘Interea
448 255 593 290 cursus,
626 257 726 293 quos
755 243 880 294 prima
908 258 931 283 a
959 252 1068 295 parte
1097 244 1278 284 iuventae

262 309 455 357 Quosque
484 309 585 346 adeo
614 310 752 347 consul
782 309 922 348 virtute
950 310 1164 360 animoque
1193 311 1334 360 petisti,

263 374 352 411 Hos
382 372 505 411 retine
533 381 652 423 atque
680 387 780 423 auge
809 376 953 412 famam
984 376 1200 425 laudesque
1234 377 1454 414 bonorum.'

184 439 298 475 Haec
323 436 418 474 mihi
443 451 532 475 cum
559 437 598 475 in
623 452 670 476 eo
696 438 795 476 libro
822 439 862 476 in
887 452 966 488 quo
991 441 1114 477 multa
1144 447 1233 477 sunt
1265 440 1407 489 scripta
1437 444 1508 490 ἀρι-

142 516 158 547 5
181 507 429 552 στοκρατικῶς
463 503 642 552 Calliope
678 503 761 552 ipsa
795 503 1097 553 praescripserit,
1130 518 1211 542 non
1250 503 1390 554 opinor
1423 518 1508 544 esse

181 567 444 606 dubitandum
467 567 562 617 quin
583 581 737 617 semper
756 568 871 606 nobis
891 568 1069 606 videatur

388 633 437 674 εἷς
465 635 588 674 οἰωνὸς
618 635 767 683 ἄριστος
796 634 1000 684 ἀμύνεσθαι
1028 635 1112 684 περὶ
1139 636 1290 684 πάτρης.

237 699 315 737 Sed
336 699 433 736 haec
453 697 787 736 ambulationibus
818 698 1104 749 Compitaliciis
1134 713 1384 738 reservemus.
1446 701 1509 737 Tu

182 762 307 813 pridie
329 762 567 813 Compitalia
586 770 797 801 memento.
850 763 1058 802 Balineum
1085 764 1229 802 calfieri
1250 764 1406 803 iubebo.
1459 766 1510 802 Et

125 839 163 861 10
184 827 445 877 Pomponiam
484 827 670 865 Terentia
707 835 840 877 rogat3
887 836 1051 866 matrem
1090 828 1360 878 adiungemus
1424 833 1510 868 Θεο-

183 893 354 942 φράστου
374 893 455 943 περὶ
479 894 694 943 φιλοτιμίας
713 894 822 931 adfer
842 893 938 930 mihi
959 894 1009 931 de
1030 893 1136 931 libris
1159 893 1298 942 Quinti
1318 893 1452 933 fratris.

225 999 292 1034 IV
454 1003 523 1035 Ser.
542 1003 632 1034 Anti
647 1003 751 1034 medio
767 1004 833 1034 circ.
853 1014 897 1034 m.
918 1003 950 1033 A
951 1004 1034 1043 prz'lz'
1045 1015 1075 1035 a.
1098 1004 1156 1045 69)ρ
1175 1006 1254 1046 (59).

588 1081 764 1111 CICERO
796 1081 967 1112 ATTICO
1001 1081 1096 1112 SAL.

238 1157 381 1196 Fecisti
410 1157 506 1196 mihi
539 1166 760 1209 pergratum
799 1159 908 1208 quod
947 1158 1169 1208 Serapionis
1199 1158 1341 1197 librum
1370 1159 1421 1198 ad
1447 1172 1510 1197 me
1530 1172 1547 1199 1

128 1239 163 1270 15
185 1222 323 1260 misisti
338 1237 348 1270 3
377 1236 422 1260 ex
454 1236 534 1272 quo
564 1222 725 1272 quidem
753 1236 836 1272 ego,
864 1224 973 1272 quod
1003 1222 1102 1261 inter
1128 1237 1200 1262 nos
1231 1223 1345 1262 liceat
1369 1223 1508 1271 dicere,

185 1287 434 1325 millesimam
464 1295 614 1337 partem
637 1287 700 1325 vix
729 1287 923 1337 intellego.
984 1290 1059 1326 Pro
1089 1302 1136 1327 eo
1166 1288 1237 1326 tibi
1266 1297 1511 1338 praesentem

185 1352 393 1402 pecuniam
416 1352 513 1390 solvi
534 1352 731 1402 imperavi,
754 1366 805 1391 ne
826 1360 867 1390 tu
889 1366 1104 1402 expensum
1133 1353 1361 1391 muneribus
1382 1355 1508 1392 ferres.

185 1419 239 1454 At
269 1416 457 1466 quoniam
487 1430 741 1455 nummorum
771 1416 921 1455 mentio
948 1418 1050 1455 facta
1079 1425 1146 1464 est,
1173 1418 1316 1456 amabo
1346 1426 1395 1464 te,
1421 1431 1513 1455 cura

187 1489 229 1519 ut
258 1494 349 1518 cum
376 1480 525 1518 Titinio
555 1494 716 1530 quoquo
746 1482 868 1520 modo
898 1481 1043 1530 poteris
1072 1481 1270 1531 transigas.
1329 1482 1369 1520 Si
1398 1481 1438 1519 in
1465 1495 1512 1520 eo

130 1563 168 1585 20
188 1546 296 1595 quod
335 1546 560 1583 ostenderat
593 1559 674 1583 non
709 1553 794 1592 stat,
834 1545 931 1584 mihi
966 1545 1133 1584 maxime
1167 1547 1295 1595 placet
1329 1559 1374 1584 ea
1412 1559 1513 1595 quae

188 1612 289 1649 male
310 1618 442 1660 empta
462 1617 552 1648 sunt
573 1609 695 1657 reddi,
715 1609 747 1647 si
763 1612 964 1648 voluntate
982 1610 1225 1660 Pomponiae
1247 1610 1328 1648 fieri
1348 1610 1490 1660 poterit
1504 1625 1515 1658 3

188 1675 219 1713 si
249 1689 298 1713 ne
329 1675 370 1713 id
402 1674 573 1724 quidem,
601 1674 753 1712 nummi
784 1674 913 1724 potius
944 1675 1158 1713 reddantur
1187 1688 1306 1724 quam
1336 1676 1437 1712 ullus
1467 1675 1515 1713 sit

189 1741 402 1789 scrupulus.
461 1741 589 1777 Valde
615 1741 692 1777 hoc
712 1739 828 1777 velim
854 1747 945 1777 ante
970 1752 1090 1788 quam
1117 1738 1361 1789 proficiscare
1385 1753 1516 1778 aman-

189 1812 258 1852 ter,
279 1812 321 1842 ut
341 1805 453 1852 soleS,
476 1804 760 1854 diligenterque
781 1804 977 1842 conficias

133 1889 170 1921 25
244 1868 408 1908 Clodius
429 1882 530 1918 ergo,
554 1876 596 1906 ut
616 1868 682 1915 ais,
705 1870 756 1906 ad
777 1868 987 1918 Tigranem
1006 1871 1012 1906 Ι
1055 1868 1187 1907 Velim
1207 1868 1404 1919 †Sirpiae†
1425 1882 1515 1908 con·
1532 1880 1557 1908 2

190 1933 346 1972 dicione
360 1948 371 1982 3
400 1934 470 1972 sed
490 1933 603 1972 facile
623 1933 758 1983 patior.
818 1933 1171 1971 Accommodatius
1192 1933 1297 1971 enim
1322 1934 1436 1972 nobis
1457 1941 1515 1972 est

189 1998 241 2036 ad
261 1998 423 2036 liberam
444 1997 680 2047 legationem
711 2005 865 2046 tempus
887 1996 994 2043 illud,
1018 2010 1109 2035 cum
1131 2005 1169 2035 et
1190 1997 1362 2046 Quintus
1384 2006 1516 2037 noster

190 2062 278 2109 iarn,
302 2070 343 2100 ut
364 2076 574 2112 speramus,
598 2062 638 2100 in
659 2062 740 2100 otio
761 2061 983 2100 consederit
1009 2069 1048 2100 et
1074 2061 1146 2100 iste
1166 2063 1348 2101 sacerdos
1379 2065 1515 2102 Bonae

145 2160 147 2162 .
190 2128 289 2166 deae
327 2127 437 2165 cuius
475 2127 584 2165 modi
618 2129 768 2165 futurus
807 2126 854 2164 sit
893 2126 1104 2164 scierimus.
1164 2128 1320 2165 Interea
1353 2128 1514 2177 quidem

239 2232 277 2261 18
300 2231 361 2271 At]
383 2231 452 2261 Sed
470 2230 586 2261 Lamb.
602 2241 609 2261 ε
625 2232 707 2270 fort.
729 2231 770 2261 Et
794 2231 831 2269 cf.
850 2231 1023 2260 Lehmann
1045 2230 1201 2270 ‘Qttaesl.
1214 2230 1221 2242 ’
1239 2233 1281 2270 63
1473 2242 1515 2262 22

193 2276 359 2306 addantur
378 2274 405 2303 L
423 2275 565 2314 (marg.)
732 2283 772 2312 25
799 2274 931 2313 Sirpiae
951 2273 996 2304 C:
1022 2274 1145 2313 Syrpie
1164 2274 1221 2305 M:
1255 2275 1404 2314 turpiore
1421 2275 1513 2314 Reid,

193 2319 288 2348 bene:
327 2318 445 2356 Scepsi
476 2317 676 2349 Gronovius:
724 2317 850 2356 Zopyri
887 2316 1093 2356 Wesenberg:
1133 2318 1220 2348 scire
1251 2328 1318 2357 qua
1344 2318 1524 2358 Sternkops

193 2364 236 2391 26
259 2360 325 2401 est]
354 2361 418 2391 erit
443 2361 576 2392 Ernesti
705 2370 747 2401 29
780 2361 834 2399 sit,
861 2360 1036 2391 scierimus
1057 2360 1177 2392 Orelli:
1211 2361 1301 2393 scius
1331 2362 1374 2393 sit
1399 2361 1515 2393 codd.:

193 2405 316 2435 certius
332 2404 375 2434 sit
392 2403 478 2434 Reid

236 2457 300 2479 εις.
318 2457 365 2477 AD
381 2456 454 2479 Απ.
1411 2448 1432 2479 4
