1817 2832
244 127 315 165 VI.
333 128 363 164 ii
690 130 745 167 M.
777 130 946 167 TVLLI
977 129 1283 169 CICERONIS

321 238 427 288 Appi
448 239 627 289 Scaptius
657 246 695 277 et
721 239 893 278 habebat
920 247 1067 279 turmas
1095 241 1146 279 ab
1167 240 1310 291 Appio.
1369 242 1418 280 Id
1446 254 1509 279 me
1536 240 1651 291 igitur

320 311 361 342 tu
387 304 496 342 cuius
527 318 590 343 me
617 306 775 344 hercule
805 319 848 344 os
876 305 972 343 mihi
991 313 1083 344 ante
1110 307 1246 345 oculos
1273 307 1371 345 solet
1395 305 1537 345 versari
1558 319 1649 344 cum

319 370 370 408 de
389 368 522 419 aliquo
543 369 673 408 officio
693 383 738 408 ac
758 372 875 409 laude
902 371 1043 421 cogito,
1066 378 1108 409 tu
1133 385 1196 410 me
1220 370 1382 421 inquam
1406 385 1517 421 rogas
1544 384 1651 420 prae-

320 435 444 472 fectus
473 441 516 472 ut
546 434 725 485 Scaptius
756 435 834 473 sit?
871 435 979 474 Alias
1009 437 1086 474 hoc
1120 443 1378 474 statueramus
1408 443 1450 474 ut
1479 435 1650 486 negotia-

320 506 445 537 torem
490 499 690 538 neminem
735 500 856 551 idque
902 503 1024 539 Bruto
1066 501 1333 552 probaramus.
1412 501 1573 539 Habeat
1619 500 1649 539 is
1671 516 1687 547 5

320 566 496 602 turmas?
538 578 606 603 cur
639 565 769 616 potius
803 579 922 616 quam
957 565 1159 604 cohortis?
1214 567 1382 616 Sumptu
1417 564 1494 603 iam
1526 579 1650 615 nepos

274 635 301 672 9
321 629 451 668 evadit
481 629 672 680 Scaptius.
733 632 925 669 ‘Volunt’
955 630 1084 680 inquit
1112 630 1356 680 ‘principes’
1415 629 1529 677 Scio3
1559 643 1650 667 narn

319 696 370 733 ad
392 708 454 733 me
477 696 681 745 Ephesum
703 709 827 746 usque
848 703 1038 734 venerunt
1059 697 1278 745 flentesque
1305 694 1483 745 equitum
1505 696 1651 733 scelera

319 767 357 798 et
392 759 565 799 miserias
598 774 687 799 suas
719 762 955 800 detulerunt.
1027 763 1168 810 Itaque
1200 760 1331 799 statim
1370 760 1464 799 dedi
1503 759 1649 798 litteras

319 832 361 862 ut
382 838 428 863 ex
449 826 581 875 Cypro
608 825 760 875 equites
786 834 877 864 ante
898 833 1044 864 certam
1065 826 1171 864 diem
1202 826 1450 872 decederent,
1475 826 1526 864 ob
1548 838 1649 863 eam·
1670 839 1709 862 10

319 903 396 939 que
417 903 576 927 causam
598 897 680 928 tum
699 890 752 928 ob
772 897 919 929 ceteras
937 890 1137 929 Salaminii
1159 904 1232 929 nos
1252 890 1292 928 in
1314 892 1466 929 caelum
1483 889 1650 928 decretis

321 953 400 992 suis
434 956 684 993 sustulerunt.
755 957 834 994 Sed
868 955 945 994 iam
980 955 1076 1006 quid
1112 969 1211 1006 opus
1245 955 1451 1005 equitatu?
1495 956 1652 993 solvunt

321 1018 427 1057 enim
467 1019 669 1058 Salaminii
682 1035 692 1068 3
733 1020 808 1058 nisi
834 1021 933 1059 forte
971 1020 1011 1059 id
1043 1021 1225 1058 volumus
1263 1019 1379 1058 armis
1419 1020 1570 1058 efficere
1610 1027 1652 1056 ut

320 1086 458 1123 faenus
479 1085 677 1135 quaternis
698 1085 922 1124 centesimis
949 1087 1107 1124 ducant.
1168 1087 1219 1124 Et
1240 1099 1313 1135 ego
1339 1085 1497 1123 audebo
1524 1086 1651 1134 legere

320 1163 510 1200 umquam
539 1157 606 1189 aut
634 1150 824 1201 attingere
853 1164 920 1189 eos
950 1150 1069 1189 libros
1099 1164 1198 1201 quos
1229 1158 1270 1188 tu
1300 1150 1489 1197 dilaudas,
1514 1149 1545 1187 si
1575 1150 1651 1187 tale
1672 1163 1710 1194 15

319 1214 416 1264 quid
441 1216 599 1254 fecero?
656 1215 785 1253 Nimis
805 1214 968 1266 inquam
992 1215 1032 1253 in
1054 1215 1128 1254 isto
1151 1217 1315 1254 Brutum
1335 1214 1485 1261 amasti,
1510 1214 1651 1253 dulcis-

320 1280 417 1318 sime
437 1280 580 1328 Attice,
603 1294 675 1319 nos
696 1294 831 1320 vereor
857 1295 907 1320 ne
934 1295 1083 1331 parum.
1142 1283 1275 1331 Atque
1296 1282 1394 1319 haec
1421 1279 1557 1330 scripsi
1578 1292 1650 1330 ego

255 1356 301 1385 10
319 1346 370 1384 ad
393 1347 557 1384 Brutum
579 1345 778 1396 scripsisse
799 1354 837 1385 te
856 1348 907 1385 ad
929 1361 1001 1385 me.
1062 1348 1271 1396 Cognosce
1292 1360 1398 1384 nunc
1419 1352 1558 1384 cetera.

374 1412 450 1449 Pro
484 1410 618 1461 Appio
648 1425 721 1450 nos
755 1412 820 1450 hic
854 1412 987 1450 omnia
1017 1411 1182 1450 facimus
1216 1413 1383 1450 honeste
1414 1418 1546 1449 tamen
1580 1411 1649 1448 sed

319 1477 435 1526 plane
465 1475 641 1515 libenter.
702 1478 788 1515 Nec
817 1476 922 1515 enim
950 1477 1079 1527 ipsum
1107 1476 1265 1516 odimus
1292 1483 1330 1515 et
1356 1477 1521 1514 Brutum
1548 1488 1650 1513 ama·
1671 1491 1710 1512 20

319 1554 406 1578 mus
427 1548 465 1579 et
487 1541 700 1591 Pompeius
722 1541 883 1580 mirifice
903 1556 926 1580 a
946 1555 1008 1580 me
1030 1541 1236 1580 contendit
1260 1554 1379 1591 quem
1405 1554 1468 1578 me
1492 1541 1650 1578 hercule

318 1607 406 1655 plus
435 1608 602 1656 plusque
632 1606 671 1644 in
701 1606 785 1645 dies
815 1607 944 1657 diligo.
1006 1608 1050 1646 C.
1076 1607 1257 1646 Coelium
1289 1613 1536 1656 quaestorem
1571 1606 1649 1643 huc

318 1670 450 1708 venire
479 1671 632 1709 audisti.
692 1671 839 1709 Nescio
868 1671 964 1721 quid
994 1672 1042 1709 sit
1069 1671 1251 1709 hominis.
1313 1672 1390 1709 Sed
1419 1670 1650 1709 Pammenia

318 1735 384 1774 illa
410 1735 506 1774 mihi
533 1750 614 1774 non
643 1737 810 1786 placent.
871 1739 956 1787 Ego
983 1750 1046 1776 me
1071 1750 1186 1786 spero
1212 1736 1379 1774 Athenis
1404 1737 1485 1774 fore
1514 1749 1648 1774 mense

319 1800 551 1850 Septembri.
610 1802 788 1839 Tuorum
823 1800 1005 1839 itinerum
1041 1808 1220 1850 tempora
1258 1800 1355 1839 scire
1390 1814 1483 1838 sane
1518 1800 1644 1838 velim.
1670 1813 1706 1844 25

318 1866 500 1915 Εὐήθειαν
519 1865 726 1915 Semproni
755 1867 847 1904 Rufi
873 1865 1039 1916 cognovi
1065 1880 1110 1904 ex
1140 1866 1306 1915 epistula
1330 1872 1396 1903 tua
1417 1866 1644 1915 Corcyraea.

319 1930 428 1978 Quid
449 1929 631 1980 quaeris?
660 1929 818 1969 invideo
839 1930 1039 1980 potentiae
1060 1930 1226 1968 Vestori.

361 2043 380 2073 5
406 2034 623 2073 probaramus
644 2033 851 2074 H'escnbcrg:
878 2035 1056 2073 probamus
1076 2033 1135 2065 M:
1161 2034 1423 2073 probaveramus
1446 2034 1519 2066 Vict.
1542 2035 1645 2074 :sort.

317 2079 414 2116 legere
431 2077 583 2108 debemus
606 2081 665 2107 aut
683 2077 845 2117 Pompeio
863 2078 927 2116 (vel
939 2078 1124 2116 Torquato)
1145 2083 1206 2117 pro
1224 2078 1327 2108 Bruto
1351 2082 1411 2108 aut
1432 2078 1649 2117 probabimus

317 2122 353 2161 cs
380 2132 409 2152 v.
435 2131 486 2152 21.
517 2131 577 2159 ¹03
606 2121 646 2151 vi.
679 2131 704 2152 1.
733 2123 754 2150 6
887 2132 903 2160 7
930 2121 1040 2160 inquis
1065 2121 1162 2152 Rom.
1302 2131 1338 2151 12
1364 2123 1513 2160 equitatu
1538 2123 1645 2161 vulg:

318 2165 486 2203 equitatus
498 2164 550 2194 M¹
571 2164 670 2195 Rom.
685 2176 690 2194 τ
718 2165 901 2204 equitatust
912 2165 1030 2196 Lanzl).
1128 2166 1166 2194 16
1192 2165 1309 2201 Nimis,
1326 2165 1426 2195 nimis
1443 2166 1578 2204 inquam
1597 2164 1647 2194 ΖΙ)

322 2219 358 2247 17
384 2208 512 2249 Atque]
529 2208 608 2248 fort.
629 2207 733 2246 Atqui
882 2218 919 2246 19
945 2208 1083 2238 facimus
1108 2208 1226 2239 Illam:
1261 2209 1420 2239 faciamus
1445 2207 1523 2239 Ml:
1548 2209 1647 2239 facie-

318 2263 391 2282 mus
409 2251 463 2280 M²
562 2262 602 2282 22
629 2251 782 2282 Coelium
800 2250 894 2280 codex
910 2250 950 2279 M
961 2257 1010 2290 ap.
1028 2252 1122 2281 Fam.
1142 2252 1172 2282 ii.
1190 2262 1235 2290 15.
1254 2263 1272 2290 4
1289 2264 1296 2283 τ
1321 2252 1472 2282 Caelium
1489 2251 1581 2283 codd.
1598 2252 1649 2282 ln'c

318 2306 359 2334 23
383 2295 425 2325 sit
448 2295 601 2326 hominis.
654 2294 721 2324 Sed
742 2294 768 2324 L
788 2294 927 2334 <mmg.)
948 2294 1060 2326 Crem:
1085 2295 1137 2325 sit.
1185 2296 1253 2326 Sed
1270 2295 1382 2326 codd:
1408 2296 1461 2330 sit,
1482 2296 1541 2325 scd
1565 2319 1573 2326 .
1600 2319 1607 2325 .
1637 2319 1643 2326 .

318 2341 408 2378 (cnm
426 2339 622 2378 apostopesi)
646 2336 833 2375 Ilr⁷escnhmrq
962 2339 1004 2367 26
1028 2342 1102 2368 ante
1125 2338 1306 2379 Semproni
1326 2338 1402 2371 add.
1423 2339 1449 2369 C
1466 2338 1648 2378 Lalmuycr

317 2387 373 2414 tua
399 2382 515 2413 codices
531 2381 741 2422 Malaspz'nae
757 2379 787 2410 Z
791 2374 805 2399 b
818 2379 839 2410 I
851 2391 857 2411 :
881 2390 945 2411 om.
969 2384 1022 2412 ΞΔ
