1817 2832
158 117 252 155 VII.
271 117 348 154 xiii
643 118 700 155 M.
732 116 900 154 TVLLI
932 115 1239 155 CICERONIS

272 227 379 266 aliud
418 226 524 273 nihil,
561 227 638 265 hoc
669 233 802 264 tamen
833 224 1011 275 profecit,
1043 224 1153 263 dedit
1187 224 1241 263 illi
1275 226 1464 264 dolorem.
1524 226 1603 264 Sed

273 292 391 330 etiam
425 292 475 330 ad
507 304 703 329 summam
735 292 955 341 profectum
993 289 1143 340 aliquid
1181 297 1289 340 puto.
1348 293 1454 329 Amo
1485 291 1604 329 etiam

275 356 474 395 Pisonem.
532 356 656 396 Cuius
695 355 886 395 iudicium
925 356 976 394 de
1014 368 1159 405 genero
1193 355 1370 405 suspicor
1400 355 1526 394 visum
1560 356 1605 393 iri

275 435 400 472 grave.
460 422 715 471 Quamquam
745 434 868 471 genus
898 420 992 459 belli
1021 421 1130 470 quod
1157 420 1206 458 sit
1225 420 1345 459 vides.
1406 422 1468 459 Ita
1494 421 1606 459 civile

277 494 335 525 est
356 494 398 525 ut
419 500 499 525 non
521 501 567 525 ex
591 486 735 525 civium
763 485 1008 525 dissensione
1030 487 1099 524 sed
1126 499 1173 524 ex
1196 485 1312 524 unius
1342 486 1484 536 perditi
1513 486 1606 525 civis
1628 498 1646 530 5

278 551 443 589 audacia
472 559 609 590 natum
640 551 698 590 sit.
759 553 798 590 Is
827 558 960 589 autem
989 552 1092 589 valet
1120 550 1305 600 exercitu,
1326 558 1434 589 tenet
1463 553 1608 590 multos

279 630 348 666 spe
378 624 415 655 et
442 617 656 667 promissis,
678 616 811 656 omnia
835 616 1014 655 omnium
1039 616 1274 666 concupivit.
1336 616 1445 655 Huic
1469 617 1610 655 tradita

279 683 371 721 urbs
392 690 450 721 est
476 684 584 721 nuda
610 682 816 733 praesidio,
839 683 978 720 referta
1005 682 1139 732 copiis.
1200 681 1310 731 Quid
1338 689 1398 720 est
1424 683 1533 732 quod
1559 682 1610 720 ab

279 761 327 786 eo
359 761 440 786 non
474 755 625 786 metuas
660 747 727 798 qui
757 747 821 785 illa
851 749 998 798 templa
1029 755 1067 786 et
1098 755 1202 786 tecta
1233 761 1316 786 non
1345 747 1510 798 patriam
1540 748 1610 786 sed

279 813 466 862 praedam
497 814 637 862 putet?
695 812 804 861 Quid
837 819 969 850 autem
1005 812 1052 850 sit
1085 820 1242 850 acturus
1275 819 1343 850 aut
1376 825 1456 862 quo
1488 813 1610 851 modo
1633 827 1672 849 10

280 877 424 924 nescio,
457 876 541 916 sine
570 884 719 923 senatu,
752 877 835 915 sine
866 876 1165 927 magistratibus.
1225 879 1289 916 Ne
1318 877 1501 916 simulare
1530 877 1612 927 qui-

281 943 372 981 dem
395 941 536 992 poterit
557 942 771 992 quicquam
792 946 999 983 πολιτικῶς.
1059 944 1145 981 Nos
1166 949 1299 981 autem
1320 942 1388 981 ubi
1409 955 1612 993 exsurgere

280 1007 496 1058 poterimus
525 1015 592 1046 aut
621 1009 812 1057 quando?
869 1009 1050 1056 Quorum
1080 1008 1160 1046 dux
1186 1021 1306 1057 quam
1333 1010 1614 1061 ἀστρατήγητος

281 1081 323 1111 tu
371 1085 532 1123 quoque
576 1072 854 1112 animadvertis
896 1072 990 1123 quoi
1036 1086 1086 1111 ne
1125 1072 1271 1111 Picena
1312 1073 1475 1123 quidem
1520 1081 1614 1112 nota

281 1137 449 1185 fuerint3
478 1150 598 1187 quam
618 1145 751 1175 autem
778 1137 862 1176 sine
882 1137 1047 1176 consilio
1068 1151 1127 1175 res
1155 1137 1274 1176 testis.
1335 1140 1389 1176 Vt
1409 1138 1514 1177 enim
1539 1138 1615 1177 alia
1638 1151 1674 1184 ¹5

282 1202 462 1241 omittam
484 1203 623 1240 decem
652 1216 847 1241 annorum
878 1210 1051 1253 peccata,
1072 1216 1173 1252 quae
1203 1203 1387 1242 condicio
1414 1218 1495 1242 non
1522 1203 1614 1242 huic

238 1277 262 1305 2
284 1269 397 1317 fugae
417 1267 638 1317 praestitit?
694 1269 780 1306 Nec
807 1281 899 1306 vero
928 1282 1034 1306 nunc
1061 1267 1157 1317 quid
1184 1268 1329 1318 cogitet
1359 1268 1440 1307 scio
1467 1282 1513 1307 ac
1534 1282 1615 1307 non

283 1332 423 1371 desino
457 1346 525 1382 per
553 1332 699 1370 litteras
730 1332 926 1371 sciscitari.
987 1332 1097 1371 Nihil
1128 1346 1213 1371 esse
1242 1333 1419 1372 timidius
1448 1342 1616 1381 constat,

283 1397 380 1436 nihil
411 1397 684 1447 perturbatius
746 1399 886 1448 Itaque
924 1411 998 1437 nee
1029 1398 1268 1448 praesidium
1307 1399 1418 1438 cuius
1452 1399 1615 1450 parandi

285 1476 402 1501 causa
422 1463 473 1501 ad
502 1463 640 1501 urbem
667 1470 840 1501 retentus
868 1470 926 1502 est
952 1477 1026 1502 nec
1052 1465 1185 1503 locum
1212 1477 1258 1502 ac
1285 1465 1420 1503 sedem
1447 1463 1617 1515 praesidi
1638 1477 1678 1498 20

286 1530 405 1566 ullam
426 1527 552 1567 video.
599 1529 696 1578 Spes
717 1528 845 1566 omnis
866 1530 905 1566 in
927 1529 1081 1568 duabus
1103 1529 1291 1568 insidiose
1311 1529 1471 1568 retentis
1492 1543 1617 1579 paene

285 1592 422 1631 alienis
449 1592 680 1642 legionibus.
741 1595 845 1631 Nam
873 1593 1039 1632 dilectus
1064 1595 1195 1632 adhuc
1221 1594 1382 1644 quidem
1407 1594 1617 1633 invitorum

286 1665 343 1695 est
365 1664 402 1695 et
422 1671 445 1695 a
464 1658 680 1706 pugnando
700 1657 995 1696 abhorrentium
1011 1673 1020 1706 3
1052 1658 1333 1696 condicionum
1354 1666 1485 1697 autem
1506 1658 1620 1696 amis-

287 1735 373 1760 sum
395 1729 550 1771 tempus
571 1729 639 1759 est.
700 1722 809 1770 Quid
830 1724 1002 1760 futurum
1020 1722 1068 1760 sit
1089 1737 1170 1762 non
1191 1723 1331 1771 vide03
1361 1723 1618 1762 commissum

287 1787 449 1837 quidem
470 1800 493 1824 a
513 1786 627 1825 nobis
655 1795 758 1825 certe
779 1794 836 1825 est
864 1787 944 1826 sive
964 1801 986 1826 a
1006 1795 1141 1826 nostro
1165 1789 1266 1827 duce
1287 1796 1329 1826 ut
1349 1802 1370 1826 e
1391 1796 1505 1839 portu
1535 1788 1619 1827 sine
1640 1798 1680 1831 25

289 1851 562 1902 gubernaculis
583 1851 726 1901 egressi
747 1852 970 1902 tempestati
991 1866 1063 1891 nos
1085 1854 1336 1891 traderemus.

247 1924 271 1961 3
346 1919 486 1966 Itaque
520 1917 570 1954 de
600 1916 859 1955 Ciceronibus
891 1916 1032 1954 nostris
1062 1916 1201 1955 dubito
1231 1917 1327 1967 quid
1353 1931 1490 1968 agam3
1528 1931 1621 1956 nam

293 1981 388 2019 mihi
409 1981 606 2019 interdum
627 1981 868 2019 amandandi
892 1980 1074 2019 videntur
1094 1981 1134 2019 in
1162 1981 1367 2020 Graeciam
1383 1997 1393 2030 3
1422 1984 1471 2021 de
1492 1982 1622 2021 Tullia

291 2054 423 2085 autem
461 2053 500 2085 et
531 2046 726 2093 Terentia,
762 2059 854 2084 cum
893 2045 988 2083 mihi
1027 2046 1281 2084 barbarorum
1322 2048 1515 2085 adventus
1556 2046 1622 2099 [ad

292 2109 447 2164 urbem]
479 2111 722 2162 proponitur,
754 2111 887 2150 omnia
918 2111 1063 2159 timeo;
1103 2125 1194 2149 cum
1225 2119 1358 2151 autem
1390 2113 1622 2151 Dolabellae
1643 2122 1684 2154 30

292 2177 399 2216 venit
430 2177 469 2215 in
505 2185 693 2225 mentem,
722 2178 884 2227 paulum
916 2176 1074 2226 respiro.
1133 2177 1212 2215 Sed
1245 2176 1362 2215 velim
1396 2177 1622 2216 consideres

336 2282 365 2315 6,
382 2290 398 2318 7
424 2279 547 2310 multos
564 2290 627 2318 spe
650 2290 678 2310 v.
696 2290 719 2310 c.
739 2279 828 2312 codd.
840 2279 940 2310 Bosi:
966 2278 1067 2309 multa
1085 2289 1145 2318 spe
1164 2282 1218 2310 ΣΔ
1311 2290 1345 2310 11
1371 2280 1622 2319 magistratibus

299 2323 502 2363 PVcsenlzetg:
528 2328 598 2353 -atu
612 2322 659 2361 M,
676 2323 712 2362 rs.
732 2333 778 2352 12.
795 2332 814 2362 5
905 2332 942 2361 15
967 2333 1021 2353 res
1033 2324 1129 2354 testis
1147 2323 1176 2354 Z
1191 2335 1198 2353 ε
1223 2333 1277 2354 res
1291 2324 1433 2355 stetM:
1457 2324 1593 2354 resistet
1606 2322 1628 2353 I

295 2377 349 2406 29,
366 2377 409 2405 3ο
433 2368 475 2397 ad
493 2367 609 2397 urbem
634 2377 698 2398 om.
721 2365 772 2395 Ml
792 2378 799 2397 ε
823 2365 899 2398 add.
918 2366 957 2396 M
974 2377 1080 2407 marg.
