1790 2837
106 127 137 165 Ι.
160 127 221 164 xii
545 126 602 166 M.
633 127 802 164 TVLLI
833 126 1140 166 CICERONIS

175 245 369 279 servatum
399 244 437 276 et
464 238 652 276 eductum
667 251 678 284 3
706 249 788 275 rem
810 249 895 275 esse
915 236 1057 287 insigni
1085 237 1255 278 infamia.
1316 240 1439 289 Quod
1468 248 1506 280 te

173 304 339 341 moleste
359 303 456 340 ferre
477 309 583 340 certo
605 301 697 340 scio.

127 380 154 418 4
228 367 337 417 Quid
363 374 563 417 praeterea
589 368 639 405 ad
665 374 702 405 te
731 366 899 405 scribam
927 381 1008 406 non
1034 368 1176 416 habeo,
1199 376 1237 407 et
1258 383 1321 408 me
1347 371 1506 409 hercule

172 446 277 471 eram
302 432 342 470 in
370 432 580 470 scribendo
616 432 895 471 conturbatior.
968 434 1072 471 Nam
1100 446 1197 483 puer
1223 434 1382 473 festivus
1416 449 1506 474 ana-

169 505 328 548 gnostes
359 504 491 535 noster
520 496 723 535 Sositheus
745 498 965 536 decesserat
987 511 1131 547 meque
1157 499 1245 548 plus
1265 513 1384 549 quam
1405 499 1502 538 servi
1524 515 1540 546 5

169 575 274 600 mors
305 562 450 600 debere
480 561 686 600 videbatur
716 570 994 600 commoverat.
1055 564 1118 601 Tu
1149 563 1265 601 velim
1300 577 1419 614 saepe
1452 566 1503 603 ad

168 640 242 665 nos
280 626 436 665 scribas.
497 626 536 664 Si
581 640 662 665 rem
702 628 850 664 nullam
890 627 1066 674 habebis,
1108 629 1218 677 quod
1255 627 1296 666 in
1334 629 1502 667 buccam

166 691 316 731 venerit
347 690 516 730 scribito.
579 692 666 730 Kal.
704 691 895 731 Ianuariis
936 693 991 730 M.
1027 693 1224 741 Messalla,
1267 694 1323 732 M.
1358 692 1502 733 Pisone

167 770 265 796 coss.

208 876 325 911 XIII
495 878 564 911 Ser.
586 879 715 910 Romae
730 879 764 910 vi
778 879 820 911 K.
842 879 930 911 Febr.
952 890 982 912 a.
1004 881 1062 921 69}
1082 880 1162 922 (61).
1522 881 1561 904 ¹0

583 967 758 998 CICERO
784 967 956 999 ATTICO
984 968 1081 1000 SAL.

128 1063 145 1090 Ι
218 1055 368 1106 Accepi
389 1063 474 1095 tuas
496 1055 562 1095 tris
583 1056 660 1094 iam
682 1056 878 1106 epistulas,
905 1070 1025 1095 unam
1046 1071 1068 1096 a
1091 1059 1146 1096 M.
1171 1057 1357 1097 Cornelio
1378 1071 1497 1108 quam

164 1121 309 1160 Tribus
337 1121 540 1168 Tabernis,
571 1129 612 1160 ut
643 1122 794 1172 opinor,
823 1121 858 1161 ei
886 1122 1041 1170 dedisti,
1070 1124 1231 1161 alteram
1257 1137 1375 1173 quam
1401 1123 1497 1161 mihi
1749 1169 1752 1178 .

164 1187 390 1227 Canusinus
422 1195 512 1226 tuus
544 1189 688 1237 hospes
716 1187 898 1235 reddidit,
929 1188 1082 1227 tertiam
1113 1203 1243 1239 quam,
1273 1196 1315 1227 ut
1347 1188 1493 1235 scribis,
1770 1176 1783 1248 5

161 1268 309 1293 ancora
339 1256 467 1293 soluta
496 1255 546 1293 de
575 1255 739 1304 phaselo
768 1250 936 1303 dedisti,
966 1268 1067 1304 quae
1097 1255 1254 1292 fuerunt
1281 1267 1430 1301 omnes,
1454 1260 1499 1292 ut
1519 1270 1554 1302 15

161 1321 362 1358 rhetorum
401 1319 510 1369 pueri
550 1320 773 1369 loquuntur,
808 1333 899 1357 cum
937 1318 1192 1357 humanitatis
1226 1332 1381 1369 sparsae
1416 1320 1495 1357 sale
1769 1312 1781 1383 55

161 1392 246 1423 tum
271 1384 442 1434 insignes
472 1384 616 1423 amoris
647 1384 760 1422 notis.
821 1383 977 1432 Quibus
1002 1383 1179 1434 epistulis
1201 1397 1287 1421 sum
1309 1383 1494 1433 equidem
1767 1374 1781 1449 5

160 1452 232 1490 abs
254 1459 291 1489 te
313 1450 514 1489 lacessitus
535 1451 586 1489 ad
613 1450 932 1497 rescribendum3
962 1451 1032 1489 sed
1059 1449 1206 1488 idcirco
1237 1462 1324 1487 sum
1349 1448 1496 1487 tardior
1778 1442 1779 1456 ³

160 1518 271 1566 quod
292 1530 372 1555 non
394 1516 551 1554 invenio
573 1517 730 1554 fidelem
752 1515 1007 1554 tabellarium.
1069 1516 1227 1564 Quotus
1256 1514 1362 1553 enim
1392 1513 1494 1563 quis-

160 1595 238 1631 que
265 1589 323 1619 est
350 1580 417 1631 qui
438 1581 644 1631 epistulam
665 1582 784 1631 paulo
804 1580 1019 1630 graviorem
1041 1582 1138 1619 ferre
1166 1579 1289 1630 possit
1310 1578 1383 1616 nisi
1404 1591 1491 1617 eam
1513 1595 1551 1616 20
1765 1570 1790 1656 ι

159 1646 397 1696 pellectione
445 1646 650 1684 relevarit?
710 1645 876 1684 Accedit
915 1659 963 1684 eo
1003 1646 1112 1695 quod
1152 1645 1249 1683 mihi
1292 1648 1408 1690 nonr,
1449 1651 1492 1682 ut
1767 1635 1790 1661 *¹

159 1711 327 1762 quisque
349 1711 387 1749 in
411 1710 572 1761 Epirum
590 1710 858 1761 proficiscitur.
902 1712 987 1761 Ego
1004 1711 1109 1749 enim
1131 1717 1169 1749 te
1189 1709 1353 1748 arbitror
1369 1707 1491 1747 caesis

159 1778 266 1827 apud
300 1777 551 1815 Amaltheam
587 1784 693 1814 tuam
727 1775 895 1814 victimis
925 1776 1055 1815 statim
1086 1789 1171 1814 esse
1200 1776 1251 1813 ad
1281 1774 1491 1824 Sicyonem

159 1843 472 1893 oppugnandum
511 1843 730 1892 profectum
765 1855 894 1892 neque
930 1850 1061 1880 tamen
1101 1840 1140 1880 id
1175 1840 1304 1890 ipsum
1339 1847 1489 1878 certum

159 1909 289 1947 habeo
317 1909 477 1958 quando
497 1908 549 1946 ad
570 1907 790 1946 Antonium
818 1907 1065 1958 proficiscare
1095 1913 1161 1944 aut
1189 1905 1284 1955 quid
1306 1904 1345 1942 in
1368 1904 1488 1954 Epiro
1511 1916 1547 1948 25

159 1973 346 2023 temporis
385 1986 520 2023 ponas.
599 1975 660 2011 Ita
698 1987 827 2023 neque
867 1971 1050 2011 Achaicis
1089 1970 1319 2009 hominibus
1358 1983 1488 2020 neque

159 2037 370 2089 Epiroticis
390 2040 508 2088 paulo
530 2038 729 2077 liberiores
751 2038 896 2076 litteras
918 2036 1164 2076 committere
1183 2036 1323 2074 audeo.

201 2152 220 2182 3
245 2142 335 2181 Quid
353 2142 440 2173 codd.
457 2154 463 2173 t
490 2142 588 2182 Quod
606 2142 693 2183 vulg.
830 2143 850 2172 8
873 2141 918 2172 M.
938 2140 1097 2171 Messalla
1115 2164 1122 2172 .
1144 2164 1150 2172 .
1168 2164 1175 2171 .
1198 2150 1284 2171 coss.
1306 2138 1343 2178 cf.
1362 2137 1410 2169 ad
1422 2149 1452 2170 2.
1470 2149 1484 2170 1

161 2196 199 2225 13
225 2186 361 2227 Tribus]
386 2197 405 2217 a
422 2187 543 2217 Tribus
568 2187 653 2217 Ram.
785 2195 822 2224 15
848 2195 971 2216 ancora
987 2184 1116 2215 sublata
1135 2183 1252 2214 Lamb.
1272 2195 1279 2214 t
1302 2193 1360 2213 ora
1377 2182 1487 2214 soluta

157 2229 361 2270 Peerlkamp,
373 2230 474 2269 sedes
489 2229 642 2260 Sclmmls
658 2227 935 2260 ‘Antibarlmrns'
949 2228 979 2258 ii.
994 2236 1056 2267 535
1150 2237 1199 2265 15,
1214 2228 1251 2257 16
1269 2231 1303 2256 ut
1316 2227 1486 2257 rhetorum

158 2274 253 2312 pueri
280 2273 439 2314 Aladvt'g:
470 2274 642 2305 rethorum
677 2282 760 2311 pure
795 2270 881 2301 codd.
901 2281 906 2300 :
942 2271 1101 2305 rhetoris,
1130 2275 1196 2301 tam
1227 2281 1310 2310 pure
1335 2270 1488 2300 Schmidt

158 2326 196 2346 21
225 2328 294 2347 non
313 2319 364 2358 ut]
384 2328 449 2348 non
467 2318 559 2347 utilis
576 2321 627 2346 est
645 2320 679 2345 ut
697 2315 775 2346 coni.
798 2314 939 2344 Mz‘illet':
973 2325 1039 2344 non
1058 2318 1109 2344 est
1128 2320 1243 2344 notum
1262 2319 1298 2344 ut
1315 2313 1335 2342 I
1348 2313 1410 2349 μή]
1425 2313 1490 2343 m'si

158 2361 350 2396 confectura)
483 2371 522 2399 24
549 2359 814 2400 oppugnandam
835 2357 954 2389 Lamb.
975 2356 1031 2388 s'ed
1046 2356 1164 2389 Σικυών
1181 2360 1210 2388 et
1231 2356 1384 2398 Μαραθών
1401 2367 1485 2388 com-

158 2405 274 2434 munis
284 2404 412 2445 generis
426 2408 506 2436 sunt
