1817 2832
669 137 781 176 EPP.
813 138 891 175 AD
921 132 1208 177 ATTICVM‘
1527 133 1596 171 IV.
1613 131 1660 169 iv

251 252 335 289 fice.
393 250 432 289 Si
462 252 591 289 locare
610 250 810 298 voluisses,
833 250 990 289 duobus
1010 248 1070 287 his
1091 247 1320 287 muneribus
1339 246 1438 285 liber
1458 257 1573 284 esses.

252 317 330 354 Sed
361 316 459 354 haec
488 315 691 366 posterius.
750 317 813 353 Tu
843 317 903 353 fae
932 314 1064 353 venias
1095 321 1133 352 et
1161 314 1213 352 de
1244 311 1418 359 librariis,
1448 310 1479 349 si
1513 322 1577 348 me

251 394 370 429 amas,
392 395 487 431 agas
506 381 721 432 diligenter.

294 493 335 527 V
476 495 545 528 Ser.
566 497 597 527 in
612 496 746 527 Antiati
760 507 803 527 m.
823 496 932 536 April.
952 499 1011 526 aut
1026 494 1107 526 Mai.
1127 505 1157 527 a.
1178 495 1243 535 698
1259 494 1349 535 (56).

215 571 245 606 5⁴
668 567 843 598 CICERO
867 566 1038 597 ATTICO
1064 564 1163 597 SAL.

306 639 385 679 Ain
405 642 480 679 tu?
508 654 572 679 me
597 639 794 683 existimas
817 639 868 677 ab
894 640 975 676 ullo
1001 639 1117 675 malle
1139 650 1227 675 mea
1246 635 1321 686 legi
1343 633 1577 685 probarique
1597 642 1615 669 1

254 719 373 755 quam
393 719 415 743 a
436 707 505 744 te?
561 706 642 744 Cur
668 704 782 754 igitur
810 703 995 753 cuiquam
1022 702 1110 740 misi
1137 702 1273 752 prius?
1328 700 1504 749 Vrgebar
1527 699 1578 737 ab

254 784 302 808 eo
321 772 372 809 ad
393 783 511 820 quem
533 769 630 816 misi,
650 777 688 808 et
703 783 784 807 non
804 769 1000 806 habebam
1021 768 1227 816 exemplar.
1270 764 1409 814 Quid?
1449 763 1577 802 Etiam

255 836 425 886 (dudum
456 835 562 873 enim
593 835 841 873 circumrodo
875 834 983 883 quod
1016 833 1288 871 devorandum
1322 829 1397 879 est)
1429 829 1579 867 subtur-

197 915 236 936 10
254 901 384 951 picula
413 901 509 938 mihi
538 900 742 938 videbatur
776 913 860 938 esse
892 899 1105 949 παλινῳδία.
1166 897 1244 935 Sed
1278 897 1432 933 valeant
1461 900 1575 939 recta,

254 979 354 1012 vera,
376 966 542 1003 honesta
569 963 741 1002 consilia.
813 965 905 1001 Non
928 971 987 1001 est
1013 961 1199 1001 credibile
1226 973 1327 1010 quae
1348 959 1396 997 sit
1416 957 1580 1008 perfidia

254 1029 294 1067 in
314 1029 396 1067 istis
420 1028 673 1079 principibus,
697 1036 739 1065 ut
759 1030 895 1065 volunt
919 1041 1003 1065 esse
1029 1035 1067 1065 et
1094 1034 1136 1064 ut
1164 1032 1294 1063 essent
1314 1024 1345 1062 si
1366 1023 1577 1073 quicquam

254 1095 444 1132 haberent
482 1093 584 1131 fidei.
645 1094 850 1131 Senseram
889 1105 1025 1129 noram
1063 1091 1259 1136 inductus,
1293 1088 1460 1133 relictus,
1496 1099 1581 1137 pro-

254 1158 378 1197 iectus
409 1159 460 1197 ab
491 1158 547 1196 iis.
606 1159 760 1196 Tamen
790 1159 867 1195 hoc
897 1169 1002 1195 eram
1029 1156 1162 1194 animo
1195 1162 1237 1192 ut
1266 1167 1356 1192 cum
1392 1152 1437 1190 iis
1470 1152 1511 1189 in
1541 1165 1580 1190 re
1606 1186 1609 1188 ,

197 1237 234 1269 15
255 1223 413 1274 publica
450 1223 724 1262 consentirem.
787 1224 899 1261 Idem
939 1228 1047 1259 erant
1085 1219 1152 1269 qui
1190 1221 1352 1257 fuerant.
1412 1217 1488 1254 Vix
1516 1216 1581 1254 ali-

255 1290 416 1339 quando
436 1297 474 1327 te
494 1296 653 1327 auctore
683 1288 836 1338 resipui.
898 1286 1015 1324 Dices
1042 1299 1088 1324 ea
1116 1292 1154 1323 te
1178 1283 1389 1330 monuisse,
1413 1281 1579 1321 suasisse
1599 1291 1623 1318 2

256 1367 357 1403 quae
386 1354 566 1400 facerem,
602 1366 683 1390 non
714 1352 830 1391 etiam
860 1359 903 1389 ut
933 1350 1152 1389 scriberem.
1213 1350 1298 1398 Ego
1331 1361 1393 1385 me
1422 1348 1581 1385 hercule

256 1418 353 1456 mihi
373 1417 646 1456 necessitatem
664 1417 768 1456 volui
785 1417 988 1467 imponere
1008 1414 1123 1452 huius
1141 1426 1265 1451 novae
1279 1411 1579 1458 coniunctionis,

256 1497 306 1522 ne
327 1497 405 1533 qua
434 1482 530 1520 mihi
557 1483 690 1520 liceret
714 1481 792 1520 labi
817 1483 867 1519 ad
895 1481 980 1518 illos
1008 1479 1074 1529 qui
1101 1478 1218 1517 etiam
1243 1485 1327 1515 tum
1355 1490 1446 1515 cum
1471 1476 1583 1515 mise-

199 1565 238 1586 20
256 1547 329 1586 reri
349 1547 426 1586 mei
447 1547 595 1585 debent
619 1560 700 1584 non
724 1546 910 1585 desinunt
934 1544 1116 1582 invidere.
1177 1544 1255 1581 Sed
1282 1550 1414 1580 tamen
1435 1541 1582 1580 modici

256 1613 401 1650 fuimus
433 1612 619 1658 ὑποθέσει,
657 1619 699 1649 ut
733 1611 878 1661 scripsi.
939 1609 1095 1648 Erimus
1134 1607 1333 1646 uberiores
1372 1605 1403 1644 si
1441 1613 1480 1644 et
1517 1606 1582 1645 ille

255 1677 422 1716 libenter
450 1676 627 1727 accipiet,
650 1684 688 1715 et
717 1675 742 1713 ii
772 1676 1047 1725 subringentur
1073 1673 1141 1723 qui
1164 1672 1295 1710 villam
1325 1685 1389 1710 me
1418 1673 1582 1710 moleste

255 1744 384 1781 ferunt
404 1743 548 1781 habere
570 1755 670 1791 quae
692 1740 823 1780 Catuli
853 1742 986 1786 fuerat,
1009 1753 1032 1777 a
1051 1738 1186 1777 Vettio
1207 1737 1349 1775 emisse
1374 1750 1456 1775 non
1482 1736 1584 1786 cogi-

255 1814 363 1856 tant3
393 1807 461 1857 qui
491 1808 655 1845 domum
684 1813 827 1856 negant
849 1805 1067 1855 oportuisse
1088 1817 1152 1842 me
1173 1802 1390 1848 aedificare,
1413 1803 1583 1840 vendere

199 1885 237 1917 25
256 1871 365 1910 aiunt
385 1871 616 1922 oportuisse.
656 1872 734 1909 Sed
755 1870 850 1920 quid
870 1872 921 1908 ad
941 1871 1028 1916 hoc,
1051 1870 1096 1916 si,
1117 1868 1260 1918 quibus
1281 1866 1483 1905 sententiis
1503 1866 1582 1905 dixi

257 1938 366 1987 quod
390 1944 428 1976 et
457 1936 530 1987 ipsi
554 1936 776 1986 probarent,
800 1934 930 1973 laetati
951 1941 1041 1972 sunt
1068 1942 1201 1971 tamen
1226 1946 1289 1971 me
1314 1939 1449 1971 contra
1470 1934 1583 1969 Pom-

257 2001 320 2051 pei
358 2003 600 2040 voluntatem
640 2000 811 2040 dixisse?
868 1999 973 2037 Finis
1013 1998 1070 2037 sit.
1141 1997 1342 2047 Quoniam
1381 1996 1448 2047 qui
1486 1995 1582 2034 nihil

306 2116 318 2135 1
345 2104 429 2135 liber
453 2114 547 2135 esses
562 2104 666 2135 Pius:
690 2104 871 2133 liberasses
894 2102 951 2132 M:
967 2102 1049 2144 fort.
1071 2107 1103 2132 te
1125 2101 1305 2132 liberasses
1457 2110 1477 2138 3
1501 2110 1582 2139 agas

259 2147 334 2178 add.
362 2147 484 2178 Mt'iller
509 2148 574 2178 coll.
600 2153 661 2187 pro
691 2157 794 2186 agere
816 2147 858 2177 de
883 2146 902 2176 i.
928 2148 948 2175 6
964 2146 1040 2184 sm„
1068 2156 1096 2184 7.
1121 2156 1150 2180 2.
1179 2146 1218 2176 iv,
1247 2145 1382 2184 16fin.:
1407 2154 1506 2174 cures
1523 2144 1586 2183 (vel

260 2192 355 2227 cura)
374 2190 450 2221 add.
473 2190 662 2230 lVesenberg
801 2192 822 2220 6
845 2189 910 2219 Ain
930 2191 989 2219 tu?
1013 2189 1113 2228 vulg„
1135 2189 1171 2226 cf.
1199 2188 1284 2219 Cacc.
1305 2198 1369 2226 49:
1405 2188 1459 2217 ain
1483 2192 1516 2217 tu
1537 2198 1580 2217 an

259 2234 346 2265 codd.
366 2246 372 2264 :
398 2234 451 2264 An
470 2238 504 2263 tu
524 2235 562 2264 l:
588 2232 654 2263 Ain
673 2234 808 2263 tandem
827 2232 963 2271 Ssjiffcrt
1069 2231 1137 2271 me]
1158 2242 1266 2261 meme
1284 2231 1365 2260 Ant.
1386 2230 1419 2259 F
1560 2231 1580 2260 8

260 2278 351 2316 Quin
369 2277 468 2307 etiarn
486 2276 608 2307 Rinkes
751 2287 788 2315 14
812 2286 901 2306 eram
928 2275 973 2305 C:
1010 2278 1081 2305 erat
1106 2275 1139 2304 in
1165 2275 1205 2304 M
1339 2275 1376 2303 16
1402 2284 1442 2304 ea
1458 2278 1491 2304 te
1511 2284 1581 2303 mo-

261 2321 389 2358 nuisse,
403 2321 550 2350 suasisse
565 2319 699 2359 quael:
726 2330 765 2349 ea
783 2320 934 2349 tenuisse
951 2319 1096 2348 suasisse
1113 2328 1199 2356 quae
1214 2317 1273 2347 M:
1298 2322 1438 2347 eatenus
1457 2321 1489 2346 te
1506 2327 1581 2347 sua-

260 2364 346 2395 sisse
363 2375 428 2402 qua
444 2364 543 2393 Klotz
656 2373 694 2401 19
719 2362 821 2393 relabi
844 2362 1001 2401 Pluygers
1109 2370 1150 2399 23
1174 2371 1192 2390 a
1208 2361 1323 2390 Vettio
1337 2355 1380 2388 Ζ)
1395 2372 1402 2391 :
1426 2371 1445 2391 a
1460 2359 1582 2391 Vectio

260 2408 309 2438 vel
323 2407 468 2438 Avercio
481 2406 565 2438 Ant.
583 2405 746 2436 FNOP:
771 2411 826 2436 aut
844 2406 944 2437 etiam
961 2409 991 2436 Δ
1117 2414 1170 2434 me
1187 2404 1310 2434 emisse
1328 2398 1372 2433 Zb
