1817 2832
597 152 610 158 ”
650 147 762 185 ΕΡΡ.
794 147 872 184 AD
901 146 1160 186 ATTICVM
1502 147 1604 185 1V.i

235 258 343 309 quod
370 258 420 297 de
447 258 568 296 domo
595 265 727 296 nostra
750 257 847 296 nihil
873 259 1004 296 adhuc
1030 257 1237 308 pontifices
1262 259 1558 308 responderunt.

236 321 317 372 Qui
338 322 369 360 si
390 321 615 360 sustulerint
636 322 875 372 religionem,
893 335 1021 360 aream
1044 323 1281 372 praeclaram
1303 322 1562 369 habebimus3

235 386 481 436 superficiem
509 388 690 425 consules
717 400 763 425 ex
789 394 947 424 senatus
976 388 1157 424 consulto
1184 386 1448 424 aestimabunt
1464 401 1473 433 3
1502 386 1561 424 sin

234 450 355 497 aliter,
373 450 671 498 ”ldemolientun
695 454 791 491 suo†
812 450 973 489 nomine
993 451 1191 498 locabunt,
1215 464 1296 489 rem
1313 459 1435 490 totam
1451 451 1562 490 aesti-

198 530 215 561 5
236 516 412 553 mabunt.

291 582 352 618 Ita
372 588 462 618 sunt
483 594 542 619 res
562 589 728 628 nostrae,
1580 581 1604 617 8

402 647 475 683 ‘Vt
497 647 535 682 in
557 645 739 688 secundis
760 646 896 692 fluxae,
918 652 961 683 ut
982 644 1020 683 in
1041 646 1216 684 advorsis
1237 646 1391 685 bonae.'

239 711 287 748 In
314 724 354 748 re
381 710 558 748 familiari
584 711 697 748 valde
725 724 869 756 sumus,
893 718 935 748 ut
965 710 1049 757 scis,
1073 710 1298 760 perturbati.
1359 713 1563 749 Praeterea

238 783 328 813 sunt
349 777 545 825 quaedam
566 775 783 814 domestica
803 789 903 825 quae
924 775 1058 813 litteris
1080 789 1160 814 non
1182 774 1398 814 committo.
1442 775 1564 824 Quin-

182 853 219 874 10
238 847 321 877 tum
343 842 498 878 fratrem
526 840 667 890 insigni
693 840 848 890 pietate,
870 840 1020 887 virtute,
1044 841 1122 878 fide
1149 840 1370 890 praeditum
1398 840 1452 878 sic
1472 854 1563 878 amo

238 912 280 942 ut
311 906 450 944 debeo.
510 907 569 944 Te
600 913 783 956 exspecto
814 913 852 944 et
886 919 955 944 oro
990 912 1031 943 ut
1065 913 1236 943 matures
1268 905 1398 944 venire
1437 919 1564 955 eoque

236 970 371 1009 animo
391 970 523 1008 venias
551 978 592 1008 ut
613 984 676 1008 me
700 978 768 1009 tuo
788 970 952 1009 consilio
973 984 1084 1020 egere
1111 984 1192 1008 non
1220 970 1333 1008 sinas.
1392 970 1564 1009 Alterius

237 1034 338 1073 vitae
374 1037 576 1085 quoddam
608 1035 763 1072 initium
802 1035 985 1073 ordimur.
1060 1036 1145 1073 Iam
1185 1035 1346 1085 quidam
1386 1036 1452 1086 qui
1492 1049 1564 1074 nos

237 1100 411 1138 absentis
442 1101 704 1139 defenderunt
734 1099 926 1150 incipiunt
955 1100 1226 1150 praesentibus
1256 1102 1410 1139 occulte
1440 1100 1561 1148 irasci,

182 1177 217 1208 15
238 1172 371 1214 aperte
390 1164 574 1203 invidere.
634 1165 901 1203 Vehementer
920 1171 958 1202 te
979 1163 1221 1214 requirimus.

282 1304 331 1339 ῙῙ
573 1306 643 1339 Ser.
663 1307 790 1338 Romae
806 1308 849 1338 in,
869 1318 914 1338 m.
935 1307 1002 1338 Oct.
1023 1317 1053 1338 a.
1075 1307 1138 1347 697
1155 1306 1243 1348 (57).

648 1388 816 1421 CICERO
838 1389 1018 1421 ATTICO
1041 1388 1147 1421 SAL.

294 1473 335 1512 Si
354 1474 452 1512 forte
473 1473 592 1511 rarius
614 1472 684 1511 tibi
704 1486 727 1510 a
747 1486 810 1511 me
831 1486 947 1522 quam
968 1486 992 1510 a
1011 1471 1148 1510 ceteris
1169 1471 1318 1511 litterae
1335 1473 1560 1518 redduntur,
1582 1484 1600 1510 1

241 1546 333 1590 peto
353 1553 376 1577 a
395 1546 433 1577 te
454 1546 495 1576 ut
516 1538 556 1576 id
577 1552 657 1576 non
679 1539 799 1576 modo
821 1537 1088 1587 neglegentiae
1108 1551 1219 1576 meae
1240 1539 1309 1576 sed
1330 1552 1379 1576 ne
1400 1551 1566 1587 occupa-

184 1621 223 1642 20
242 1603 339 1642 tioni
369 1603 530 1653 quidem
561 1603 707 1641 tribuas
723 1618 733 1651 3
776 1616 876 1652 quae
906 1602 978 1640 etsi
1008 1616 1162 1640 summa
1191 1610 1258 1649 est,
1293 1610 1426 1641 tamen
1460 1604 1567 1640 nulla

242 1683 327 1708 esse
348 1676 477 1719 potest
499 1676 606 1706 tanta
633 1676 675 1706 ut
702 1668 958 1717 interrumpat
985 1667 1056 1705 iter
1082 1667 1225 1705 amoris
1250 1667 1371 1705 nostri
1399 1675 1436 1706 et
1463 1667 1566 1705 offici

242 1734 328 1772 mei.
380 1735 485 1771 Nam
506 1741 548 1771 ut
569 1733 658 1771 veni
681 1735 862 1780 Romam,
887 1732 1027 1771 iterum
1048 1746 1153 1770 nunc
1175 1746 1261 1770 sum
1283 1731 1423 1770 certior
1442 1733 1567 1770 factus

242 1812 326 1837 esse
347 1798 410 1837 cui
432 1800 566 1836 darem
591 1798 735 1836 litteras
751 1813 761 1845 3
790 1797 922 1847 itaque
943 1798 1012 1835 has
1032 1798 1170 1834 alteras
1192 1796 1295 1835 dedi.

296 1863 494 1902 Prioribus
519 1862 588 1900 tibi
617 1862 810 1901 declaravi
837 1863 1029 1900 adventus
1060 1869 1192 1900 noster
1218 1861 1343 1911 qualis
1371 1860 1505 1899 fuisset
1530 1868 1568 1899 et

184 1945 198 1966 2
205 1945 222 1976 5
243 1929 330 1979 quis
351 1936 453 1968 esset
474 1936 596 1967 status
616 1936 734 1979 atque
756 1942 894 1967 omnes
920 1941 980 1966 res
1008 1935 1164 1966 nostrae
1192 1940 1311 1977 quem
1331 1927 1382 1965 ad
1403 1927 1567 1965 modum

242 2001 383 2041 essent,

379 2060 454 2096 ‘Vt
482 2059 523 2096 in
552 2057 735 2096 secundis
765 2059 900 2104 fluxae,
933 2064 975 2095 ut
1005 2057 1044 2095 in
1073 2057 1248 2095 advorsis
1279 2056 1433 2094 bonae.'

243 2125 337 2161 Post
371 2122 454 2160 illas
493 2123 603 2160 datas
641 2122 785 2160 litteras
824 2129 958 2160 secuta
996 2128 1054 2160 est
1092 2134 1247 2158 summa
1280 2119 1483 2158 contentio
1517 2121 1567 2158 de
1586 2132 1610 2160 2

244 2189 375 2226 domo.
438 2187 617 2225 Diximus
641 2188 747 2236 apud
775 2186 981 2236 pontifices
1009 2199 1062 2234 pr.
1095 2186 1182 2223 Kal.
1211 2184 1406 2223 Octobris.
1466 2186 1567 2222 Acta

185 2268 227 2298 30
246 2265 304 2290 res
329 2259 386 2290 est
415 2258 594 2289 accurate
617 2264 640 2288 a
666 2250 779 2288 nobis
807 2258 855 2296 et,
884 2250 915 2287 si
942 2262 1131 2298 umquam
1159 2249 1197 2286 in
1225 2248 1396 2286 dicendo
1423 2247 1567 2286 fuimus

289 2363 302 2382 1
329 2354 576 2392 responderunt
594 2353 645 2383 F:
671 2357 781 2383 -erant
798 2352 884 2384 codd.
980 2364 995 2391 4
1017 2352 1258 2391 demolientur]
1279 2352 1368 2382 aliud
1387 2350 1569 2382 molientur

244 2396 323 2438 (oni.
342 2395 445 2426 Reid:
470 2407 536 2426 non
556 2396 789 2433 demolientur,
809 2407 876 2427 uno
894 2398 1028 2426 nomine
1045 2396 1100 2427 Fr.
1119 2395 1272 2426 Schmidt
