1817 2832
652 109 765 147 EPP.
797 108 875 146 AD
904 107 1165 147 ATTICVM
1455 106 1572 144 VIII.
1592 105 1637 142 iii

236 220 401 260 consilio
421 218 536 260 volui.
598 220 839 259 Deliberatio
865 228 996 258 autem
1023 218 1152 258 omnis
1178 220 1276 258 haec
1301 226 1371 265 est,
1394 217 1425 257 si
1447 220 1560 257 Pom-

233 287 345 337 peius
386 286 498 324 Italia
535 287 709 332 excedat,
742 287 851 335 quod
888 298 979 323 eum
1017 286 1209 322 facturum
1247 297 1333 322 esse
1371 283 1558 332 suspicor,

234 351 330 400 quid
358 351 454 388 mihi
480 352 676 400 agendum
702 357 825 400 puteS.
885 351 936 386 Et
956 362 1035 398 quo
1061 348 1211 386 facilius
1237 346 1446 386 consilium
1468 348 1560 385 dare

234 415 375 465 possis,
408 414 504 464 quid
542 415 582 452 in
616 423 822 464 utramque
851 422 1000 464 partem
1030 412 1126 450 mihi
1160 412 1199 449 in
1230 419 1402 450 mentem
1432 411 1562 450 veniat

196 491 213 523 5
233 479 438 529 explicabo
464 479 580 517 brevi.

287 545 391 583 Cum
419 544 555 582 merita
577 543 740 593 Pompei
764 556 918 581 summa
937 556 1026 592 erga
1045 543 1211 580 salutem
1232 555 1361 580 meam
1383 541 1561 579 familiar-
1580 553 1605 581 2

232 607 384 659 itasque
405 623 505 659 quae
532 608 627 646 mihi
654 622 744 646 cum
771 622 819 646 eo
844 616 914 653 est,
937 615 1019 645 tum
1047 606 1131 656 ipsa
1156 606 1209 644 rei
1237 606 1418 656 publicae
1442 620 1559 645 causa

232 687 296 711 me
324 673 486 711 adducit
518 681 559 710 ut
590 672 686 710 mihi
715 674 775 710 vel
806 671 1013 710 consilium
1048 684 1179 708 meum
1213 684 1303 708 curn
1336 670 1437 707 illius
1468 684 1559 709 con-

231 736 318 775 silio
347 738 407 775 vel
441 738 596 775 fortuna
629 750 708 773 mea
737 749 818 773 cnm
848 737 953 773 illius
970 735 1136 784 fortuna
1167 734 1444 784 coniungenda
1473 748 1557 773 esse

174 815 213 838 10
231 802 420 840 videatur.
468 802 633 840 Accedit
654 801 760 839 illud.
817 801 856 839 Si
879 814 1019 839 maneo
1035 808 1073 838 et
1089 800 1197 837 illum
1214 799 1444 838 comitatum
1461 799 1558 850 opti-

232 880 385 905 morum
417 873 454 904 et
483 865 784 904 clarissimorum
818 865 961 903 civium
996 866 1145 911 desero,
1175 865 1400 902 cadendum
1430 871 1487 901 est
1516 864 1555 902 in

231 930 347 968 unius
368 938 616 980 potestatem.
674 929 753 979 Qui
775 929 845 968 etsi
871 929 1001 967 multis
1028 929 1143 967 rebus
1168 928 1360 978 significat
1380 942 1421 966 se
1442 928 1555 966 nobis

231 1009 316 1034 esse
342 995 513 1033 amicum
536 995 590 1045 (et
617 1003 659 1032 ut
686 1002 787 1033 esset
811 1008 833 1032 a
860 1008 923 1032 me
944 1002 1013 1040 est,
1036 1001 1118 1031 tute
1146 993 1231 1039 scis,
1256 1000 1412 1043 propter
1436 992 1558 1042 suspi-

230 1059 385 1098 cionem
403 1060 518 1097 huius
534 1059 799 1109 impendentis
816 1058 1057 1108 tempestatis
1078 1059 1203 1095 multo
1218 1065 1309 1095 ante
1325 1057 1552 1106 provisum),

174 1135 211 1167 15
231 1132 362 1162 tamen
393 1132 602 1174 utrumque
631 1123 962 1162 considerandum
992 1130 1050 1161 est
1083 1130 1121 1160 et
1145 1129 1292 1172 quanta
1322 1123 1419 1159 fides
1446 1122 1481 1160 ei
1508 1122 1555 1159 sit

230 1190 414 1228 habenda
443 1197 491 1235 et,
519 1189 550 1227 si
578 1189 745 1227 maxime
773 1190 1013 1238 exploratum
1044 1187 1092 1225 sit
1121 1201 1212 1225 eum
1242 1186 1357 1225 nobis
1383 1186 1555 1224 amicum

228 1254 321 1300 fore,
349 1253 449 1292 sitne
475 1253 544 1291 viri
570 1253 677 1291 fortis
709 1261 747 1291 et
780 1252 875 1291 boni
904 1252 998 1291 civis
1027 1265 1112 1290 esse
1142 1251 1181 1289 in
1211 1265 1258 1290 ea
1286 1252 1382 1289 urbe
1411 1251 1450 1288 in
1478 1265 1555 1301 qua

228 1331 320 1355 cum
350 1318 512 1356 summis
542 1318 757 1356 honoribus
785 1317 1037 1367 imperiisque
1066 1330 1158 1354 usus
1193 1316 1252 1363 sit,
1278 1330 1337 1354 res
1368 1315 1555 1354 maximas

229 1382 399 1431 gesserit,
418 1382 638 1421 sacerdotio
659 1382 707 1420 sit
726 1381 968 1431 amplissimo
988 1381 1198 1431 praeditus,
1222 1395 1302 1419 non
1323 1382 1473 1418 futurus
1494 1383 1552 1427 sit,

171 1460 212 1483 20
228 1448 300 1495 qui
315 1448 454 1496 fuerit,
485 1448 817 1496 subeundumque
850 1446 1067 1496 periculum
1102 1446 1150 1484 sit
1184 1460 1274 1484 cum
1309 1445 1440 1495 aliquo
1474 1447 1556 1484 fore.

228 1513 434 1559 dedecore,
464 1512 495 1550 si
530 1513 691 1562 quando
726 1511 937 1562 Pompeius
971 1525 1052 1550 rem
1087 1510 1285 1561 publicam
1320 1510 1553 1561 reciperarit.

229 1578 277 1615 In
304 1577 377 1615 hac
402 1585 510 1627 parte
536 1578 633 1615 haec
660 1584 760 1614 sunt.
811 1580 816 1585 '
1573 1584 1596 1620 3

280 1641 384 1679 Vide
429 1655 535 1679 nunc
574 1655 674 1691 quae
719 1641 795 1679 sint
837 1641 876 1679 in
920 1642 1049 1679 altera.
1119 1640 1227 1678 Nihil
1266 1648 1397 1679 actum
1436 1648 1494 1679 est
1532 1655 1555 1679 a

227 1705 419 1755 Pompeio
450 1714 584 1744 nostro
618 1705 822 1755 sapienter,
852 1705 949 1743 nihil
982 1705 1142 1753 fortiter,
1167 1706 1275 1743 addo
1306 1705 1423 1744 etiam
1458 1705 1554 1743 nihil

170 1783 208 1814 25
228 1769 301 1807 nisi
328 1778 463 1808 contra
492 1770 699 1808 consilium
728 1771 1080 1820 auctoritatemque
1110 1784 1249 1808 meam.
1311 1770 1463 1809 Omitto
1490 1770 1555 1808 illa

227 1842 366 1880 vetera,
390 1835 498 1883 quod
525 1834 642 1872 istum
670 1834 709 1872 in
736 1848 817 1872 rem
842 1834 1039 1883 publicam
1066 1834 1130 1872 ille
1156 1834 1261 1880 aluit,
1291 1834 1410 1882 auxit,
1433 1848 1555 1873 arma-

227 1898 294 1944 vit,
315 1898 378 1936 ille
405 1898 554 1947 legibus
582 1912 650 1948 per
672 1898 750 1935 vim
781 1906 819 1936 et
845 1907 981 1936 contra
1006 1898 1180 1947 auspicia
1206 1898 1375 1937 ferendis
1404 1906 1554 1947 auctor,

227 1962 291 2000 ille
312 1963 462 2001 Galliae
487 1963 676 2001 ulterioris
702 1963 921 2010 adiunctor,
942 1963 1005 2001 ille
1028 1977 1159 2013 gener,
1179 1963 1242 2001 ille
1263 1963 1302 2001 in
1323 1965 1553 2013 adoptando

272 2077 291 2095 2
315 2066 458 2096 excedat
470 2064 648 2096 EO2M'2s:
673 2066 810 2096 accedat
828 2066 919 2103 (cum
933 2066 1075 2096 ltaliaml
1097 2065 1193 2096 Olli(l
1212 2079 1218 2097 :
1244 2068 1340 2098 cedat
1360 2067 1432 2098 Vict.
1450 2069 1551 2107 vulg„

217 2110 298 2150 sort.
319 2113 393 2139 recle
480 2119 501 2147 9
518 2120 592 2139 mea
609 2119 681 2138 cum
703 2110 790 2138 illius
807 2109 940 2139 fortuna
957 2109 1034 2140 add.
1054 2109 1151 2139 Klotz
1167 2110 1303 2140 ducibus
1320 2110 1510 2151 Maluspina
1527 2115 1555 2141 et

227 2153 326 2183 Bosz'o
424 2161 460 2189 13
485 2156 559 2181 aule
576 2157 646 2182 tute
664 2152 803 2182 addend.
822 2158 857 2182 ut
874 2153 952 2182 coni.
978 2152 1163 2192 ll'esenberg
1275 2164 1312 2192 19
1332 2159 1406 2193 pos!
1424 2155 1554 2185 futurus

227 2195 305 2226 add.
325 2196 368 2225 sit
391 2196 445 2233 qui
473 2196 571 2225 fuerit
597 2194 781 2233 Lehmann,
803 2201 892 2225 tutus
917 2195 1009 2235 Boot,
1029 2196 1073 2226 sit
1089 2197 1139 2226 sui
1158 2196 1237 2226 iuris
1260 2196 1301 2227 I:
1326 2201 1399 2227 ante
1421 2197 1553 2228 futurus

227 2239 303 2270 add.
323 2249 443 2268 nornen
462 2238 526 2269 Iac.
548 2239 731 2269 Gronovius
863 2249 905 2268 20
929 2239 1039 2278 aliquo
1057 2239 1127 2269 sore
1147 2239 1270 2270 ERM:
1295 2251 1324 2270 a.
1347 2240 1431 2270 sorte
1451 2241 1553 2271 O²slz

228 2293 256 2313 a.
270 2282 413 2311 sortasse
427 2280 456 2310 L
472 2282 610 2322 (marg.)
627 2292 633 2311 z
656 2293 684 2312 a.
703 2292 764 2311 suo
777 2282 854 2312 coni.
870 2282 972 2313 Boot:
995 2282 1167 2321 aliquanto
1182 2284 1306 2313 maiore
1319 2283 1442 2314 lllz'iller
1511 2294 1550 2314 21

228 2326 396 2355 dedecore
411 2335 449 2355 s:
474 2326 596 2355 docere
614 2325 740 2355 ERM:
765 2325 877 2355 dolere
904 2324 946 2353 Ο·’
1076 2336 1116 2364 27
1142 2337 1203 2365 per
1220 2327 1284 2356 vim
1302 2332 1335 2357 et
1359 2327 1418 2356 M²
1434 2339 1441 2358 :
1464 2327 1554 2359 servi

229 2369 294 2399 mci
323 2368 431 2398 OM¹:
458 2368 568 2398 Servii
593 2369 657 2399 mei
683 2368 745 2399 Cs:
770 2369 807 2399 C.
827 2368 954 2399 Metelli
980 2368 1157 2400 Ascensius
1176 2369 1233 2411 (ed.
1253 2373 1286 2412 2)
1307 2370 1394 2403 Crat.

262 2774 320 2785 lp>
