1817 2832
639 118 752 158 EPP.
785 119 862 157 AD
891 118 1152 158 ATTICVM
1491 118 1585 155 VII.
1605 117 1666 154 vii

253 241 371 279 quam
400 228 593 280 privatum
622 228 793 279 aliquem
823 228 982 267 mittat?
1039 229 1179 278 Itaque
1205 226 1237 265 si
1266 228 1343 266 hoc
1373 225 1581 277 imperium

252 294 348 332 mihi
380 296 590 333 molestum
623 294 706 341 erit,
734 302 819 332 utar
849 307 896 332 ea
929 301 1040 343 porta
1073 306 1192 343 quam
1226 292 1395 343 primum
1429 292 1576 332 videro.

252 359 357 396 Nam
378 361 486 409 quod
507 359 643 398 scribis
664 359 868 397 mirificam
890 357 1223 408 exspectationem
1248 370 1332 395 esse
1353 356 1430 395 mei
1451 370 1580 406 neque
1600 364 1624 403 5

251 432 382 462 tamen
404 438 644 474 quemquam
671 425 866 462 bonorum
887 432 954 461 aut
975 431 1032 461 sat
1054 423 1250 460 bonorum
1278 421 1458 460 dubitare
1483 421 1580 471 quid

215 501 232 532 5
251 489 421 526 facturus
451 489 536 536 sim,
563 502 636 539 ego
663 502 762 538 quos
797 496 838 526 tu
872 489 999 527 bonos
1033 501 1118 526 esse
1143 486 1250 525 dicas
1277 500 1358 525 non
1384 486 1580 536 intellego.

251 554 343 602 Ipse
372 555 500 592 nullos
530 553 631 600 novi,
664 554 734 591 sed
763 552 826 599 ita,
858 551 889 590 si
918 551 1075 590 ordines
1106 552 1301 589 bonorum
1332 551 1554 600 quaerimus
1570 564 1579 598 ;

250 631 342 656 nam
374 618 586 668 singulares
618 626 707 656 sunt
741 617 836 656 boni
866 617 946 655 viri.
1006 619 1155 655 Verum
1186 616 1227 654 in
1265 615 1578 654 dissensionibus

251 682 408 721 ordines
423 684 617 721 bonorum
632 690 669 721 et
682 696 825 732 genera
839 682 1063 731 quaerenda
1079 688 1180 718 sunt.
1223 682 1411 719 Senatum
1426 681 1577 718 bonum

250 756 364 797 putas
396 762 464 798 per
496 762 613 798 quem
645 747 729 786 sine
767 746 931 797 imperio
963 745 1187 796 provinciae
1219 752 1309 783 sunt
1342 744 1576 796 (numquam

193 825 232 847 10
251 811 355 849 enim
379 812 498 851 Curio
520 811 776 858 sustinuisset,
800 811 937 849 sicum
954 824 1001 849 eo
1021 809 1082 859 agi
1103 817 1288 859 coeptum
1309 816 1411 848 esset
1420 824 1430 857 ,-
1459 823 1577 859 quam

250 877 485 915 sententiam
506 885 663 915 senatus
684 875 795 926 sequi
815 875 965 922 noluit;
994 888 1041 913 ex
1061 888 1140 924 quo
1161 876 1308 912 factum
1335 881 1393 912 est
1420 882 1461 912 ut
1484 876 1579 914 Cae-

250 941 322 979 sari
353 955 433 980 non
463 939 765 992 succederetur),
796 954 847 978 an
876 939 1109 989 publicanos
1139 938 1207 988 qui
1233 952 1449 988 numquam
1478 939 1578 977 firmi

250 1007 319 1044 sed
350 1020 454 1044 nunc
476 1005 633 1045 Caesari
663 1013 753 1044 sunt
781 1003 1018 1050 amicissimi,
1043 1017 1093 1041 an
1121 1005 1391 1050 faeneratores,
1414 1017 1463 1041 an
1485 1003 1579 1053 agri-

250 1072 355 1108 colas
377 1070 519 1120 quibus
540 1069 828 1119 optatissimum
849 1076 907 1106 est
928 1067 1049 1106 otium
1068 1070 1084 1106 ?
1113 1067 1186 1105 nisi
1207 1081 1275 1105 eos
1302 1067 1437 1106 timere
1464 1077 1578 1118 putas

192 1149 228 1180 15
251 1149 299 1173 ne
320 1136 393 1174 sub
414 1149 532 1185 regno
553 1134 629 1172 sint
650 1134 717 1184 qui
737 1134 778 1172 id
798 1147 1025 1182 numquam,
1044 1134 1140 1171 dum
1157 1134 1278 1170 modo
1300 1132 1414 1170 otiosi
1435 1140 1575 1180 essent,

249 1208 486 1239 recusarunt.
557 1199 667 1248 Quid
705 1200 825 1249 ergo?
867 1197 1079 1236 exercitum
1118 1196 1319 1236 retinentis
1358 1210 1448 1235 cum
1483 1197 1623 1247 legisfi

249 1266 333 1304 dies
367 1265 558 1304 transierit
584 1264 776 1303 rationem
803 1263 938 1302 haberi
968 1264 1128 1313 placet?
1186 1261 1286 1299 Mihi
1313 1275 1404 1300 vero
1433 1275 1482 1300 ne
1513 1263 1578 1300 ab-

249 1331 369 1370 sentis
390 1331 577 1381 quidem3
607 1331 677 1369 sed
698 1343 788 1368 cum
810 1329 850 1368 id
877 1331 1013 1367 datum
1041 1336 1109 1375 est,
1132 1327 1229 1365 illud
1251 1341 1328 1365 una
1348 1328 1484 1365 datum
1506 1334 1574 1365 est.

249 1398 456 1434 Annorum
478 1395 583 1434 enim
605 1397 744 1434 decem
766 1394 974 1444 imperium
994 1401 1032 1431 et
1046 1393 1098 1431 ita
1114 1394 1236 1430 latum
1248 1393 1403 1441 placet?
1444 1393 1578 1430 Placet

190 1474 231 1496 20
249 1460 363 1511 igitur
392 1460 511 1499 etiam
541 1474 604 1499 me
633 1461 838 1510 expulsum
866 1467 904 1497 et
930 1472 1063 1508 agrum
1091 1459 1339 1507 Campanum
1367 1456 1511 1507 perisse
1539 1464 1577 1495 et

247 1527 479 1575 adoptatum
500 1524 706 1575 patricium
727 1538 750 1562 a
769 1523 936 1575 plebeio,
962 1523 1203 1562 Gaditanum
1223 1535 1246 1559 a
1268 1521 1519 1571 Mytilenaeo,
1539 1530 1577 1560 et

247 1590 413 1629 Labieni
433 1590 591 1629 divitiae
620 1597 658 1628 et
686 1592 910 1627 Mamurrae
939 1590 1095 1638 placent
1120 1595 1158 1625 et
1186 1586 1298 1624 Balbi
1320 1586 1421 1624 horti
1442 1594 1480 1624 et
1500 1589 1578 1625 Tu-

247 1657 463 1693 sculanum.
521 1656 600 1693 Sed
621 1656 761 1692 horum
791 1653 969 1692 omnium
997 1654 1084 1691 fons
1108 1665 1209 1690 unus
1241 1658 1308 1689 est.
1370 1651 1576 1691 Imbecillo

246 1720 506 1759 resistendum
534 1720 606 1758 fuit
632 1727 670 1758 et
697 1719 737 1758 id
765 1726 845 1757 erat
873 1718 1012 1765 facile3
1055 1730 1162 1755 nunc
1189 1716 1361 1766 legiones
1392 1728 1447 1763 XI,
1471 1717 1577 1766 equi-

189 1797 227 1828 25
247 1793 348 1823 tatus
369 1793 499 1823 tantus
520 1793 711 1835 quantum
731 1786 846 1831 volet,
869 1782 1153 1833 Transpadani,
1176 1782 1312 1832 plebes
1333 1782 1492 1828 urbana,
1518 1789 1575 1820 tot

246 1849 391 1888 tribuni
412 1852 474 1900 pl.,
499 1858 577 1887 tam
598 1849 750 1899 perdita
770 1849 961 1895 iuventus,
985 1856 1092 1886 tanta
1111 1846 1341 1885 auctoritate
1362 1848 1452 1893 dux,
1468 1854 1575 1885 tanta

245 1915 419 1953 audacia.
479 1916 582 1954 Cum
614 1917 690 1953 hoc
721 1922 787 1953 aut
814 1915 1124 1964 depugnandum
1154 1920 1212 1951 est
1241 1919 1307 1950 aut
1341 1912 1525 1950 habenda
1554 1927 1575 1950 e

245 1981 329 2028 lege
359 1979 465 2018 ratio.
528 1981 767 2028 ‘Depugna’
797 1978 927 2027 inquis
964 1977 1117 2026 ‘potius
1149 1990 1267 2026 quam
1299 1975 1465 2014 servias.'
1521 1978 1574 2014 Vt
1594 1985 1617 2023 7

245 2044 370 2093 quid?
399 2043 430 2081 si
450 2043 575 2082 victus
596 2044 680 2090 eris,
713 2042 965 2093 proscribare,
997 2041 1028 2079 si
1058 2040 1206 2087 viceris,
1240 2048 1372 2078 tamen
1400 2040 1573 2079 servias?

186 2119 226 2150 30
248 2108 378 2157 ‘Quid
416 2110 528 2157 ergo'
566 2107 695 2157 inquis
733 2109 926 2144 ‘facturus
965 2107 1057 2144 es?'
1115 2107 1229 2143 Idem
1261 2106 1370 2154 quod
1399 2107 1572 2154 pecudes

244 2186 345 2222 quae
378 2172 576 2222 dispulsae
607 2171 667 2210 sui
696 2171 847 2222 generis
879 2177 1095 2220 sequuntur
1127 2183 1273 2219 greges.
1333 2170 1387 2206 Vt
1413 2169 1483 2207 bos
1517 2183 1571 2207 ar-

290 2285 302 2304 1
330 2275 431 2305 mittit
448 2274 479 2304 Z
494 2275 580 2305 Crat.
673 2285 692 2304 2
718 2275 856 2313 primam
875 2273 994 2302 Rosius
1081 2282 1099 2310 4
1125 2276 1177 2302 sat
1195 2270 1286 2309 Reid,
1307 2271 1344 2310 cf.
1363 2270 1410 2301 ad
1424 2270 1454 2302 ii.
1471 2281 1517 2310 19.
1536 2283 1570 2310 4:

244 2319 326 2348 satis
341 2318 428 2349 codd.
549 2327 568 2356 5
593 2318 740 2348 facturus
760 2316 837 2347 CZ:
863 2326 1027 2346 sensurus
1045 2318 1098 2346 ΣΔ
1211 2325 1227 2353 7
1253 2314 1313 2344 viri
1330 2315 1425 2345 multi
1444 2313 1565 2346 Lamb-

247 2372 284 2401 19
308 2361 418 2401 placet
435 2361 509 2392 add.
529 2365 598 2392 velt.
742 2370 784 2399 30
809 2360 957 2391 facturus
978 2359 1181 2399 Wesenbeaeg:
1207 2363 1342 2389 acturus
1361 2357 1448 2389 codd.
