<?xml version="1.0" encoding="UTF-8"?>
<!DOCTYPE html PUBLIC "-//W3C//DTD XHTML 1.0 Transitional//EN"
    "http://www.w3.org/TR/xhtml1/DTD/xhtml1-transitional.dtd">
<html xmlns="http://www.w3.org/1999/xhtml" xml:lang="en" lang="en">
 <head>
  <title>
</title>
<meta http-equiv="Content-Type" content="text/html;charset=utf-8" />
  <meta name='ocr-system' content='tesseract 3.04.00' />
  <meta name='ocr-capabilities' content='ocr_page ocr_carea ocr_par ocr_line ocrx_word'/>
</head>
<body>
  <div class='ocr_page' id='page_1' title='image "./epistulaerecogno0201ciceuoft_0190.png"; bbox 0 0 1817 2832; ppageno 0'>
   <div class='ocr_carea' id='block_1_1' title="bbox 143 140 1229 181">
    <p class='ocr_par' dir='ltr' id='par_1_1' title="bbox 143 140 1229 181">
     <span class='ocr_line' id='line_1_1' title="bbox 143 140 1229 181; baseline 0.001 -3"><span class='ocrx_word' id='word_1_1' title='bbox 143 142 190 179; x_wconf 91' lang='lat' dir='ltr'>V.</span> <span class='ocrx_word' id='word_1_2' title='bbox 213 140 291 178; x_wconf 86' lang='lat' dir='ltr'>xxi</span> <span class='ocrx_word' id='word_1_3' title='bbox 635 142 691 179; x_wconf 88' lang='lat' dir='ltr'>M.</span> <span class='ocrx_word' id='word_1_4' title='bbox 723 141 892 179; x_wconf 91' lang='lat' dir='ltr'>TVLLI</span> <span class='ocrx_word' id='word_1_5' title='bbox 923 141 1229 181; x_wconf 87' lang='lat' dir='ltr'>CICERONIS</span> 
     </span>
    </p>
   </div>
   <div class='ocr_carea' id='block_1_2' title="bbox 218 251 1657 2121">
    <p class='ocr_par' dir='ltr' id='par_1_2' title="bbox 264 251 1657 1082">
     <span class='ocr_line' id='line_1_2' title="bbox 265 251 1595 302; baseline 0 -11"><span class='ocrx_word' id='word_1_6' title='bbox 265 259 303 291; x_wconf 87' lang='lat' dir='ltr'>te</span> <span class='ocrx_word' id='word_1_7' title='bbox 332 266 412 290; x_wconf 89' lang='lat' dir='ltr'>non</span> <span class='ocrx_word' id='word_1_8' title='bbox 441 259 587 302; x_wconf 89' lang='lat' dir='ltr'>putare.</span> <span class='ocrx_word' id='word_1_9' title='bbox 648 252 726 290; x_wconf 89' lang='lat' dir='ltr'>Sed</span> <span class='ocrx_word' id='word_1_10' title='bbox 753 253 919 302; x_wconf 90' lang='lat' dir='ltr'>posthac</span> <span class='ocrx_word' id='word_1_11' title='bbox 948 251 1083 290; x_wconf 87' lang='lat' dir='ltr'>omnia</span> <span class='ocrx_word' id='word_1_12' title='bbox 1110 266 1211 302; x_wconf 90' lang='lat' dir='ltr'>quae</span> <span class='ocrx_word' id='word_1_13' title='bbox 1237 259 1342 292; x_wconf 86' lang='lat' dir='ltr'>recta</span> <span class='ocrx_word' id='word_1_14' title='bbox 1371 267 1452 292; x_wconf 90' lang='lat' dir='ltr'>non</span> <span class='ocrx_word' id='word_1_15' title='bbox 1482 260 1595 292; x_wconf 90' lang='lat' dir='ltr'>erunt</span> 
     </span>
     <span class='ocr_line' id='line_1_3' title="bbox 264 316 1595 368; baseline 0.001 -14"><span class='ocrx_word' id='word_1_16' title='bbox 264 331 334 368; x_wconf 92' lang='lat' dir='ltr'>pro</span> <span class='ocrx_word' id='word_1_17' title='bbox 356 324 461 355; x_wconf 91' lang='lat' dir='ltr'>certo</span> <span class='ocrx_word' id='word_1_18' title='bbox 483 323 635 366; x_wconf 81' lang='lat' dir='ltr'>negato.</span> <span class='ocrx_word' id='word_1_19' title='bbox 696 318 781 354; x_wconf 89' lang='lat' dir='ltr'>Nos</span> <span class='ocrx_word' id='word_1_20' title='bbox 803 316 908 354; x_wconf 88' lang='lat' dir='ltr'>enirn</span> <span class='ocrx_word' id='word_1_21' title='bbox 936 324 974 355; x_wconf 94' lang='lat' dir='ltr'>et</span> <span class='ocrx_word' id='word_1_22' title='bbox 994 324 1126 355; x_wconf 90' lang='lat' dir='ltr'>nostra</span> <span class='ocrx_word' id='word_1_23' title='bbox 1146 325 1286 367; x_wconf 88' lang='lat' dir='ltr'>sponte</span> <span class='ocrx_word' id='word_1_24' title='bbox 1306 319 1409 357; x_wconf 88' lang='lat' dir='ltr'>bene</span> <span class='ocrx_word' id='word_1_25' title='bbox 1436 318 1536 356; x_wconf 85' lang='lat' dir='ltr'>firmi</span> <span class='ocrx_word' id='word_1_26' title='bbox 1557 326 1595 356; x_wconf 88' lang='lat' dir='ltr'>et</span> 
     </span>
     <span class='ocr_line' id='line_1_4' title="bbox 266 380 1594 433; baseline 0.002 -15"><span class='ocrx_word' id='word_1_27' title='bbox 266 395 329 419; x_wconf 93' lang='lat' dir='ltr'>me</span> <span class='ocrx_word' id='word_1_28' title='bbox 357 382 514 419; x_wconf 75' lang='lat' dir='ltr'>hercule</span> <span class='ocrx_word' id='word_1_29' title='bbox 541 380 773 419; x_wconf 87' lang='lat' dir='ltr'>auctoritate</span> <span class='ocrx_word' id='word_1_30' title='bbox 799 388 865 419; x_wconf 87' lang='lat' dir='ltr'>tua</span> <span class='ocrx_word' id='word_1_31' title='bbox 892 381 1125 419; x_wconf 88' lang='lat' dir='ltr'>inflammati</span> <span class='ocrx_word' id='word_1_32' title='bbox 1150 382 1314 420; x_wconf 87' lang='lat' dir='ltr'>vicimus</span> <span class='ocrx_word' id='word_1_33' title='bbox 1347 383 1475 421; x_wconf 88' lang='lat' dir='ltr'>omnis</span> <span class='ocrx_word' id='word_1_34' title='bbox 1502 384 1594 433; x_wconf 88' lang='lat' dir='ltr'>(hoc</span> 
     </span>
     <span class='ocr_line' id='line_1_5' title="bbox 265 444 1595 495; baseline 0.002 -13"><span class='ocrx_word' id='word_1_35' title='bbox 265 453 307 483; x_wconf 86' lang='lat' dir='ltr'>tu</span> <span class='ocrx_word' id='word_1_36' title='bbox 346 445 398 483; x_wconf 85' lang='lat' dir='ltr'>ita</span> <span class='ocrx_word' id='word_1_37' title='bbox 436 444 621 495; x_wconf 84' lang='lat' dir='ltr'>reperies)</span> <span class='ocrx_word' id='word_1_38' title='bbox 661 459 751 484; x_wconf 91' lang='lat' dir='ltr'>cum</span> <span class='ocrx_word' id='word_1_39' title='bbox 795 446 1034 484; x_wconf 77' lang='lat' dir='ltr'>abstinentia</span> <span class='ocrx_word' id='word_1_40' title='bbox 1078 454 1161 484; x_wconf 90' lang='lat' dir='ltr'>tum</span> <span class='ocrx_word' id='word_1_41' title='bbox 1201 446 1356 494; x_wconf 83' lang='lat' dir='ltr'>iustitia,</span> <span class='ocrx_word' id='word_1_42' title='bbox 1398 448 1595 495; x_wconf 74' lang='lat' dir='ltr'>facilitate,</span> 
     </span>
     <span class='ocr_line' id='line_1_6' title="bbox 265 510 1632 562; baseline 0.001 -14"><span class='ocrx_word' id='word_1_43' title='bbox 265 510 483 549; x_wconf 87' lang='lat' dir='ltr'>clementia.</span> <span class='ocrx_word' id='word_1_44' title='bbox 545 511 651 549; x_wconf 90' lang='lat' dir='ltr'>Cave</span> <span class='ocrx_word' id='word_1_45' title='bbox 678 518 792 560; x_wconf 85' lang='lat' dir='ltr'>putes</span> <span class='ocrx_word' id='word_1_46' title='bbox 820 510 1031 560; x_wconf 87' lang='lat' dir='ltr'>quicquam</span> <span class='ocrx_word' id='word_1_47' title='bbox 1054 511 1235 550; x_wconf 85' lang='lat' dir='ltr'>homines</span> <span class='ocrx_word' id='word_1_48' title='bbox 1264 512 1385 562; x_wconf 83' lang='lat' dir='ltr'>magis</span> <span class='ocrx_word' id='word_1_49' title='bbox 1406 526 1595 562; x_wconf 88' lang='lat' dir='ltr'>umquam</span> <span class='ocrx_word' id='word_1_50' title='bbox 1616 525 1632 555; x_wconf 85' lang='lat'>5</span> 
     </span>
     <span class='ocr_line' id='line_1_7' title="bbox 265 574 1597 626; baseline 0.002 -13"><span class='ocrx_word' id='word_1_51' title='bbox 265 588 351 613; x_wconf 87' lang='lat' dir='ltr'>esse</span> <span class='ocrx_word' id='word_1_52' title='bbox 381 574 541 613; x_wconf 86' lang='lat' dir='ltr'>miratos</span> <span class='ocrx_word' id='word_1_53' title='bbox 571 589 689 625; x_wconf 88' lang='lat' dir='ltr'>quam</span> <span class='ocrx_word' id='word_1_54' title='bbox 720 577 872 613; x_wconf 89' lang='lat' dir='ltr'>nullum</span> <span class='ocrx_word' id='word_1_55' title='bbox 903 577 1142 614; x_wconf 82' lang='lat' dir='ltr'>terruncium</span> <span class='ocrx_word' id='word_1_56' title='bbox 1178 590 1240 615; x_wconf 92' lang='lat' dir='ltr'>me</span> <span class='ocrx_word' id='word_1_57' title='bbox 1275 576 1480 615; x_wconf 86' lang='lat' dir='ltr'>obtinente</span> <span class='ocrx_word' id='word_1_58' title='bbox 1512 590 1597 626; x_wconf 88' lang='lat' dir='ltr'>pro-</span> 
     </span>
     <span class='ocr_line' id='line_1_8' title="bbox 265 639 1596 691; baseline 0.002 -14"><span class='ocrx_word' id='word_1_59' title='bbox 265 639 434 678; x_wconf 86' lang='lat' dir='ltr'>vinciam</span> <span class='ocrx_word' id='word_1_60' title='bbox 465 648 644 690; x_wconf 83' lang='lat' dir='ltr'>sumptus</span> <span class='ocrx_word' id='word_1_61' title='bbox 672 642 818 678; x_wconf 87' lang='lat' dir='ltr'>facturn</span> <span class='ocrx_word' id='word_1_62' title='bbox 844 654 929 679; x_wconf 87' lang='lat' dir='ltr'>esse</span> <span class='ocrx_word' id='word_1_63' title='bbox 959 655 1033 679; x_wconf 90' lang='lat' dir='ltr'>nec</span> <span class='ocrx_word' id='word_1_64' title='bbox 1054 641 1093 679; x_wconf 93' lang='lat' dir='ltr'>in</span> <span class='ocrx_word' id='word_1_65' title='bbox 1120 655 1202 679; x_wconf 92' lang='lat' dir='ltr'>rem</span> <span class='ocrx_word' id='word_1_66' title='bbox 1230 641 1430 691; x_wconf 87' lang='lat' dir='ltr'>publicam</span> <span class='ocrx_word' id='word_1_67' title='bbox 1458 656 1532 680; x_wconf 92' lang='lat' dir='ltr'>nec</span> <span class='ocrx_word' id='word_1_68' title='bbox 1556 642 1596 680; x_wconf 91' lang='lat' dir='ltr'>in</span> 
     </span>
     <span class='ocr_line' id='line_1_9' title="bbox 266 706 1594 757; baseline 0.002 -15"><span class='ocrx_word' id='word_1_69' title='bbox 266 718 505 754; x_wconf 83' lang='lat' dir='ltr'>quemquam</span> <span class='ocrx_word' id='word_1_70' title='bbox 537 718 714 743; x_wconf 90' lang='lat' dir='ltr'>meorum</span> <span class='ocrx_word' id='word_1_71' title='bbox 742 713 895 755; x_wconf 88' lang='lat' dir='ltr'>praeter</span> <span class='ocrx_word' id='word_1_72' title='bbox 919 720 1038 756; x_wconf 88' lang='lat' dir='ltr'>quarn</span> <span class='ocrx_word' id='word_1_73' title='bbox 1068 706 1107 744; x_wconf 86' lang='lat' dir='ltr'>in</span> <span class='ocrx_word' id='word_1_74' title='bbox 1138 708 1180 745; x_wconf 92' lang='lat' dir='ltr'>L.</span> <span class='ocrx_word' id='word_1_75' title='bbox 1204 706 1380 745; x_wconf 89' lang='lat' dir='ltr'>Tullium</span> <span class='ocrx_word' id='word_1_76' title='bbox 1410 709 1594 757; x_wconf 80' lang='lat' dir='ltr'>legatum.</span> 
     </span>
     <span class='ocr_line' id='line_1_10' title="bbox 267 769 1596 820; baseline 0.002 -13"><span class='ocrx_word' id='word_1_77' title='bbox 267 771 306 808; x_wconf 91' lang='lat' dir='ltr'>Is</span> <span class='ocrx_word' id='word_1_78' title='bbox 327 769 528 820; x_wconf 86' lang='lat' dir='ltr'>ceteroqui</span> <span class='ocrx_word' id='word_1_79' title='bbox 548 769 751 808; x_wconf 86' lang='lat' dir='ltr'>abstinens</span> <span class='ocrx_word' id='word_1_80' title='bbox 768 772 838 808; x_wconf 90' lang='lat' dir='ltr'>sed</span> <span class='ocrx_word' id='word_1_81' title='bbox 861 770 962 809; x_wconf 90' lang='lat' dir='ltr'>Iulia</span> <span class='ocrx_word' id='word_1_82' title='bbox 982 772 1066 820; x_wconf 79' lang='lat' dir='ltr'>lege</span> <span class='ocrx_word' id='word_1_83' title='bbox 1082 771 1301 818; x_wconf 89' lang='lat' dir='ltr'>transitans,</span> <span class='ocrx_word' id='word_1_84' title='bbox 1322 773 1443 810; x_wconf 90' lang='lat' dir='ltr'>semel</span> <span class='ocrx_word' id='word_1_85' title='bbox 1464 779 1596 810; x_wconf 88' lang='lat' dir='ltr'>tamen</span> 
     </span>
     <span class='ocr_line' id='line_1_11' title="bbox 265 834 1657 887; baseline 0.001 -15"><span class='ocrx_word' id='word_1_86' title='bbox 265 834 303 872; x_wconf 88' lang='lat' dir='ltr'>in</span> <span class='ocrx_word' id='word_1_87' title='bbox 335 834 455 882; x_wconf 86' lang='lat' dir='ltr'>diem,</span> <span class='ocrx_word' id='word_1_88' title='bbox 483 849 563 873; x_wconf 90' lang='lat' dir='ltr'>non</span> <span class='ocrx_word' id='word_1_89' title='bbox 594 843 636 873; x_wconf 91' lang='lat' dir='ltr'>ut</span> <span class='ocrx_word' id='word_1_90' title='bbox 665 835 729 873; x_wconf 91' lang='lat' dir='ltr'>alii</span> <span class='ocrx_word' id='word_1_91' title='bbox 760 836 942 874; x_wconf 89' lang='lat' dir='ltr'>solebant</span> <span class='ocrx_word' id='word_1_92' title='bbox 972 836 1157 874; x_wconf 89' lang='lat' dir='ltr'>omnibus</span> <span class='ocrx_word' id='word_1_93' title='bbox 1185 836 1279 875; x_wconf 92' lang='lat' dir='ltr'>vicis</span> <span class='ocrx_word' id='word_1_94' title='bbox 1311 837 1479 887; x_wconf 88' lang='lat' dir='ltr'>(praeter</span> <span class='ocrx_word' id='word_1_95' title='bbox 1505 851 1596 876; x_wconf 90' lang='lat' dir='ltr'>eum</span> <span class='ocrx_word' id='word_1_96' title='bbox 1619 852 1657 875; x_wconf 92' lang='lat'>10</span> 
     </span>
     <span class='ocr_line' id='line_1_12' title="bbox 265 900 1596 951; baseline 0.002 -13"><span class='ocrx_word' id='word_1_97' title='bbox 265 902 386 939; x_wconf 92' lang='lat' dir='ltr'>semel</span> <span class='ocrx_word' id='word_1_98' title='bbox 418 914 537 938; x_wconf 91' lang='lat' dir='ltr'>nemo</span> <span class='ocrx_word' id='word_1_99' title='bbox 571 900 752 950; x_wconf 86' lang='lat' dir='ltr'>accepit),</span> <span class='ocrx_word' id='word_1_100' title='bbox 790 900 882 938; x_wconf 89' lang='lat' dir='ltr'>facit</span> <span class='ocrx_word' id='word_1_101' title='bbox 913 908 956 938; x_wconf 87' lang='lat' dir='ltr'>ut</span> <span class='ocrx_word' id='word_1_102' title='bbox 990 900 1087 939; x_wconf 84' lang='lat' dir='ltr'>mihi</span> <span class='ocrx_word' id='word_1_103' title='bbox 1121 901 1376 951; x_wconf 80' lang='lat' dir='ltr'>excipiendus</span> <span class='ocrx_word' id='word_1_104' title='bbox 1411 901 1470 950; x_wconf 85' lang='lat' dir='ltr'>sit,</span> <span class='ocrx_word' id='word_1_105' title='bbox 1505 915 1596 940; x_wconf 90' lang='lat' dir='ltr'>cum</span> 
     </span>
     <span class='ocr_line' id='line_1_13' title="bbox 264 965 1594 1017; baseline 0.002 -15"><span class='ocrx_word' id='word_1_106' title='bbox 264 965 503 1003; x_wconf 90' lang='lat' dir='ltr'>terruncium</span> <span class='ocrx_word' id='word_1_107' title='bbox 543 979 644 1015; x_wconf 79' lang='lat' dir='ltr'>nego</span> <span class='ocrx_word' id='word_1_108' title='bbox 684 973 864 1015; x_wconf 89' lang='lat' dir='ltr'>sumptus</span> <span class='ocrx_word' id='word_1_109' title='bbox 904 967 1062 1004; x_wconf 86' lang='lat' dir='ltr'>facturn.</span> <span class='ocrx_word' id='word_1_110' title='bbox 1122 968 1279 1005; x_wconf 88' lang='lat' dir='ltr'>Praeter</span> <span class='ocrx_word' id='word_1_111' title='bbox 1317 980 1408 1005; x_wconf 91' lang='lat' dir='ltr'>eurn</span> <span class='ocrx_word' id='word_1_112' title='bbox 1442 966 1594 1017; x_wconf 86' lang='lat' dir='ltr'>accepit</span> 
     </span>
     <span class='ocr_line' id='line_1_14' title="bbox 264 1031 1385 1082; baseline 0.002 -14"><span class='ocrx_word' id='word_1_113' title='bbox 264 1044 394 1069; x_wconf 87' lang='lat' dir='ltr'>nemo.</span> <span class='ocrx_word' id='word_1_114' title='bbox 455 1032 541 1068; x_wconf 91' lang='lat' dir='ltr'>Has</span> <span class='ocrx_word' id='word_1_115' title='bbox 561 1044 584 1068; x_wconf 91' lang='lat' dir='ltr'>a</span> <span class='ocrx_word' id='word_1_116' title='bbox 604 1038 739 1069; x_wconf 89' lang='lat' dir='ltr'>nostro</span> <span class='ocrx_word' id='word_1_117' title='bbox 761 1032 809 1079; x_wconf 87' lang='lat' dir='ltr'>Q.</span> <span class='ocrx_word' id='word_1_118' title='bbox 833 1031 983 1069; x_wconf 92' lang='lat' dir='ltr'>Titinio</span> <span class='ocrx_word' id='word_1_119' title='bbox 1004 1031 1129 1070; x_wconf 90' lang='lat' dir='ltr'>sordis</span> <span class='ocrx_word' id='word_1_120' title='bbox 1149 1031 1385 1082; x_wconf 89' lang='lat' dir='ltr'>accepimus.</span> 
     </span>
    </p>

    <p class='ocr_par' dir='ltr' id='par_1_3' title="bbox 218 1095 1655 1405">
     <span class='ocr_line' id='line_1_15' title="bbox 218 1095 1594 1145; baseline 0.002 -12"><span class='ocrx_word' id='word_1_121' title='bbox 218 1103 244 1140; x_wconf 85' lang='lat'>6</span> <span class='ocrx_word' id='word_1_122' title='bbox 320 1098 405 1145; x_wconf 81' lang='lat' dir='ltr'>Ego</span> <span class='ocrx_word' id='word_1_123' title='bbox 421 1095 576 1134; x_wconf 87' lang='lat' dir='ltr'>aestivis</span> <span class='ocrx_word' id='word_1_124' title='bbox 593 1095 782 1134; x_wconf 89' lang='lat' dir='ltr'>confectis</span> <span class='ocrx_word' id='word_1_125' title='bbox 798 1095 992 1145; x_wconf 85' lang='lat' dir='ltr'>Quintum</span> <span class='ocrx_word' id='word_1_126' title='bbox 1010 1098 1165 1135; x_wconf 87' lang='lat' dir='ltr'>fratrem</span> <span class='ocrx_word' id='word_1_127' title='bbox 1183 1096 1356 1135; x_wconf 90' lang='lat' dir='ltr'>hibernis</span> <span class='ocrx_word' id='word_1_128' title='bbox 1373 1104 1411 1135; x_wconf 93' lang='lat' dir='ltr'>et</span> <span class='ocrx_word' id='word_1_129' title='bbox 1432 1097 1594 1137; x_wconf 86' lang='lat' dir='ltr'>Ciliciae</span> 
     </span>
     <span class='ocr_line' id='line_1_16' title="bbox 264 1160 1655 1211; baseline 0.001 -13"><span class='ocrx_word' id='word_1_130' title='bbox 264 1160 443 1211; x_wconf 86' lang='lat' dir='ltr'>praefeci.</span> <span class='ocrx_word' id='word_1_131' title='bbox 506 1161 553 1209; x_wconf 86' lang='lat' dir='ltr'>Q.</span> <span class='ocrx_word' id='word_1_132' title='bbox 577 1161 787 1199; x_wconf 88' lang='lat' dir='ltr'>Volusium</span> <span class='ocrx_word' id='word_1_133' title='bbox 818 1161 874 1199; x_wconf 93' lang='lat' dir='ltr'>tui</span> <span class='ocrx_word' id='word_1_134' title='bbox 904 1161 1039 1199; x_wconf 85' lang='lat' dir='ltr'>Tiberi</span> <span class='ocrx_word' id='word_1_135' title='bbox 1065 1176 1267 1211; x_wconf 69' lang='lat' dir='ltr'>generum,</span> <span class='ocrx_word' id='word_1_136' title='bbox 1295 1170 1444 1200; x_wconf 88' lang='lat' dir='ltr'>certum</span> <span class='ocrx_word' id='word_1_137' title='bbox 1473 1162 1596 1200; x_wconf 92' lang='lat' dir='ltr'>homi-</span> <span class='ocrx_word' id='word_1_138' title='bbox 1623 1180 1655 1211; x_wconf 87' lang='lat'>¹5</span> 
     </span>
     <span class='ocr_line' id='line_1_17' title="bbox 265 1225 1596 1277; baseline 0.002 -14"><span class='ocrx_word' id='word_1_139' title='bbox 265 1239 355 1264; x_wconf 88' lang='lat' dir='ltr'>nem</span> <span class='ocrx_word' id='word_1_140' title='bbox 378 1227 447 1264; x_wconf 87' lang='lat' dir='ltr'>sed</span> <span class='ocrx_word' id='word_1_141' title='bbox 472 1225 635 1264; x_wconf 85' lang='lat' dir='ltr'>mirifice</span> <span class='ocrx_word' id='word_1_142' title='bbox 663 1225 780 1263; x_wconf 87' lang='lat' dir='ltr'>etiam</span> <span class='ocrx_word' id='word_1_143' title='bbox 809 1225 1085 1273; x_wconf 83' lang='lat' dir='ltr'>abstinentem,</span> <span class='ocrx_word' id='word_1_144' title='bbox 1109 1226 1196 1264; x_wconf 78' lang='lat' dir='ltr'>misi</span> <span class='ocrx_word' id='word_1_145' title='bbox 1221 1226 1261 1264; x_wconf 90' lang='lat' dir='ltr'>in</span> <span class='ocrx_word' id='word_1_146' title='bbox 1284 1228 1457 1277; x_wconf 84' lang='lat' dir='ltr'>Cyprum</span> <span class='ocrx_word' id='word_1_147' title='bbox 1479 1235 1521 1265; x_wconf 88' lang='lat' dir='ltr'>ut</span> <span class='ocrx_word' id='word_1_148' title='bbox 1542 1226 1596 1265; x_wconf 88' lang='lat' dir='ltr'>ibi</span> 
     </span>
     <span class='ocr_line' id='line_1_18' title="bbox 263 1290 1597 1341; baseline 0.001 -13"><span class='ocrx_word' id='word_1_149' title='bbox 263 1292 453 1341; x_wconf 90' lang='lat' dir='ltr'>pauculos</span> <span class='ocrx_word' id='word_1_150' title='bbox 481 1290 565 1328; x_wconf 89' lang='lat' dir='ltr'>dies</span> <span class='ocrx_word' id='word_1_151' title='bbox 592 1298 705 1337; x_wconf 86' lang='lat' dir='ltr'>esset,</span> <span class='ocrx_word' id='word_1_152' title='bbox 728 1305 778 1329; x_wconf 93' lang='lat' dir='ltr'>ne</span> <span class='ocrx_word' id='word_1_153' title='bbox 809 1291 912 1329; x_wconf 81' lang='lat' dir='ltr'>cives</span> <span class='ocrx_word' id='word_1_154' title='bbox 942 1291 1114 1329; x_wconf 88' lang='lat' dir='ltr'>Romani</span> <span class='ocrx_word' id='word_1_155' title='bbox 1143 1291 1257 1341; x_wconf 90' lang='lat' dir='ltr'>pauci</span> <span class='ocrx_word' id='word_1_156' title='bbox 1289 1292 1355 1341; x_wconf 89' lang='lat' dir='ltr'>qui</span> <span class='ocrx_word' id='word_1_157' title='bbox 1383 1291 1460 1329; x_wconf 86' lang='lat' dir='ltr'>illic</span> <span class='ocrx_word' id='word_1_158' title='bbox 1482 1305 1597 1341; x_wconf 82' lang='lat' dir='ltr'>nego-</span> 
     </span>
     <span class='ocr_line' id='line_1_19' title="bbox 264 1355 1597 1405; baseline 0 -12"><span class='ocrx_word' id='word_1_159' title='bbox 264 1355 410 1393; x_wconf 90' lang='lat' dir='ltr'>tiantur</span> <span class='ocrx_word' id='word_1_160' title='bbox 444 1355 502 1393; x_wconf 90' lang='lat' dir='ltr'>ius</span> <span class='ocrx_word' id='word_1_161' title='bbox 537 1355 610 1393; x_wconf 89' lang='lat' dir='ltr'>sibi</span> <span class='ocrx_word' id='word_1_162' title='bbox 643 1355 793 1393; x_wconf 91' lang='lat' dir='ltr'>dictum</span> <span class='ocrx_word' id='word_1_163' title='bbox 826 1364 1038 1405; x_wconf 82' lang='lat' dir='ltr'>negarent3</span> <span class='ocrx_word' id='word_1_164' title='bbox 1079 1370 1170 1394; x_wconf 90' lang='lat' dir='ltr'>nam</span> <span class='ocrx_word' id='word_1_165' title='bbox 1206 1355 1359 1394; x_wconf 86' lang='lat' dir='ltr'>evocari</span> <span class='ocrx_word' id='word_1_166' title='bbox 1391 1369 1438 1394; x_wconf 76' lang='lat' dir='ltr'>ex</span> <span class='ocrx_word' id='word_1_167' title='bbox 1470 1356 1597 1394; x_wconf 88' lang='lat' dir='ltr'>insula</span> 
     </span>
    </p>

    <p class='ocr_par' dir='ltr' id='par_1_4' title="bbox 222 1420 1657 2121">
     <span class='ocr_line' id='line_1_20' title="bbox 222 1420 1596 1470; baseline -0.001 -11"><span class='ocrx_word' id='word_1_168' title='bbox 222 1429 244 1468; x_wconf 93' lang='lat'><strong>7</strong></span> <span class='ocrx_word' id='word_1_169' title='bbox 266 1420 430 1470; x_wconf 87' lang='lat' dir='ltr'>Cyprios</span> <span class='ocrx_word' id='word_1_170' title='bbox 469 1433 549 1458; x_wconf 92' lang='lat' dir='ltr'>non</span> <span class='ocrx_word' id='word_1_171' title='bbox 581 1420 684 1458; x_wconf 88' lang='lat' dir='ltr'>licet.</span> <span class='ocrx_word' id='word_1_172' title='bbox 744 1422 835 1470; x_wconf 89' lang='lat' dir='ltr'>Ipse</span> <span class='ocrx_word' id='word_1_173' title='bbox 874 1420 914 1458; x_wconf 88' lang='lat' dir='ltr'>in</span> <span class='ocrx_word' id='word_1_174' title='bbox 953 1420 1089 1458; x_wconf 82' lang='lat' dir='ltr'>Asiam</span> <span class='ocrx_word' id='word_1_175' title='bbox 1122 1422 1319 1470; x_wconf 83' lang='lat' dir='ltr'>profectus</span> <span class='ocrx_word' id='word_1_176' title='bbox 1350 1434 1437 1459; x_wconf 85' lang='lat' dir='ltr'>sum</span> <span class='ocrx_word' id='word_1_177' title='bbox 1471 1423 1596 1459; x_wconf 89' lang='lat' dir='ltr'>Tarso</span> 
     </span>
     <span class='ocr_line' id='line_1_21' title="bbox 264 1484 1657 1536; baseline 0.002 -14"><span class='ocrx_word' id='word_1_178' title='bbox 264 1485 393 1523; x_wconf 90' lang='lat' dir='ltr'>Nonis</span> <span class='ocrx_word' id='word_1_179' title='bbox 415 1484 616 1532; x_wconf 82' lang='lat' dir='ltr'>Ianuariis,</span> <span class='ocrx_word' id='word_1_180' title='bbox 636 1499 717 1523; x_wconf 88' lang='lat' dir='ltr'>non</span> <span class='ocrx_word' id='word_1_181' title='bbox 739 1499 802 1523; x_wconf 92' lang='lat' dir='ltr'>me</span> <span class='ocrx_word' id='word_1_182' title='bbox 819 1487 977 1523; x_wconf 89' lang='lat' dir='ltr'>hercule</span> <span class='ocrx_word' id='word_1_183' title='bbox 994 1485 1072 1524; x_wconf 89' lang='lat' dir='ltr'>dici</span> <span class='ocrx_word' id='word_1_184' title='bbox 1094 1493 1222 1535; x_wconf 89' lang='lat' dir='ltr'>potest</span> <span class='ocrx_word' id='word_1_185' title='bbox 1239 1499 1316 1536; x_wconf 92' lang='lat' dir='ltr'>qua</span> <span class='ocrx_word' id='word_1_186' title='bbox 1336 1485 1596 1524; x_wconf 81' lang='lat' dir='ltr'>admiratione</span> <span class='ocrx_word' id='word_1_187' title='bbox 1617 1503 1657 1525; x_wconf 83' lang='lat'>20</span> 
     </span>
     <span class='ocr_line' id='line_1_22' title="bbox 264 1550 1596 1600; baseline -0.001 -11"><span class='ocrx_word' id='word_1_188' title='bbox 264 1550 426 1589; x_wconf 88' lang='lat' dir='ltr'>Ciliciae</span> <span class='ocrx_word' id='word_1_189' title='bbox 458 1550 660 1588; x_wconf 85' lang='lat' dir='ltr'>civitatum</span> <span class='ocrx_word' id='word_1_190' title='bbox 699 1551 948 1600; x_wconf 79' lang='lat' dir='ltr'>maximeque</span> <span class='ocrx_word' id='word_1_191' title='bbox 987 1551 1253 1589; x_wconf 88' lang='lat' dir='ltr'>Tarsensium.</span> <span class='ocrx_word' id='word_1_192' title='bbox 1324 1553 1466 1589; x_wconf 86' lang='lat' dir='ltr'>Postea</span> <span class='ocrx_word' id='word_1_193' title='bbox 1504 1565 1596 1589; x_wconf 84' lang='lat' dir='ltr'>vero</span> 
     </span>
     <span class='ocr_line' id='line_1_23' title="bbox 263 1615 1595 1665; baseline 0.002 -13"><span class='ocrx_word' id='word_1_194' title='bbox 263 1629 382 1665; x_wconf 91' lang='lat' dir='ltr'>quam</span> <span class='ocrx_word' id='word_1_195' title='bbox 410 1617 585 1653; x_wconf 82' lang='lat' dir='ltr'>Taurum</span> <span class='ocrx_word' id='word_1_196' title='bbox 611 1623 871 1665; x_wconf 81' lang='lat' dir='ltr'>transgressus</span> <span class='ocrx_word' id='word_1_197' title='bbox 901 1630 1002 1663; x_wconf 67' lang='lat' dir='ltr'>sum,</span> <span class='ocrx_word' id='word_1_198' title='bbox 1023 1616 1186 1654; x_wconf 89' lang='lat' dir='ltr'>mirifica</span> <span class='ocrx_word' id='word_1_199' title='bbox 1210 1615 1449 1665; x_wconf 83' lang='lat' dir='ltr'>exspectatio</span> <span class='ocrx_word' id='word_1_200' title='bbox 1477 1615 1595 1654; x_wconf 85' lang='lat' dir='ltr'>Asiae</span> 
     </span>
     <span class='ocr_line' id='line_1_24' title="bbox 262 1679 1595 1730; baseline 0.001 -13"><span class='ocrx_word' id='word_1_201' title='bbox 262 1688 482 1718; x_wconf 87' lang='lat' dir='ltr'>nostrarum</span> <span class='ocrx_word' id='word_1_202' title='bbox 505 1679 747 1718; x_wconf 84' lang='lat' dir='ltr'>dioecesium</span> <span class='ocrx_word' id='word_1_203' title='bbox 769 1694 869 1730; x_wconf 87' lang='lat' dir='ltr'>quae</span> <span class='ocrx_word' id='word_1_204' title='bbox 898 1694 963 1719; x_wconf 85' lang='lat' dir='ltr'>sex</span> <span class='ocrx_word' id='word_1_205' title='bbox 992 1680 1193 1718; x_wconf 87' lang='lat' dir='ltr'>mensibus</span> <span class='ocrx_word' id='word_1_206' title='bbox 1215 1679 1352 1730; x_wconf 89' lang='lat' dir='ltr'>imperi</span> <span class='ocrx_word' id='word_1_207' title='bbox 1370 1680 1447 1718; x_wconf 90' lang='lat' dir='ltr'>mei</span> <span class='ocrx_word' id='word_1_208' title='bbox 1468 1682 1595 1718; x_wconf 88' lang='lat' dir='ltr'>nullas</span> 
     </span>
     <span class='ocr_line' id='line_1_25' title="bbox 262 1744 1594 1795; baseline 0.002 -13"><span class='ocrx_word' id='word_1_209' title='bbox 262 1758 370 1782; x_wconf 89' lang='lat' dir='ltr'>meas</span> <span class='ocrx_word' id='word_1_210' title='bbox 391 1752 594 1794; x_wconf 90' lang='lat' dir='ltr'>acceperat</span> <span class='ocrx_word' id='word_1_211' title='bbox 622 1744 777 1792; x_wconf 86' lang='lat' dir='ltr'>litteras,</span> <span class='ocrx_word' id='word_1_212' title='bbox 802 1759 1019 1794; x_wconf 83' lang='lat' dir='ltr'>numquam</span> <span class='ocrx_word' id='word_1_213' title='bbox 1048 1745 1244 1795; x_wconf 86' lang='lat' dir='ltr'>hospitem</span> <span class='ocrx_word' id='word_1_214' title='bbox 1266 1744 1426 1783; x_wconf 87' lang='lat' dir='ltr'>viderat.</span> <span class='ocrx_word' id='word_1_215' title='bbox 1489 1747 1594 1784; x_wconf 86' lang='lat' dir='ltr'>Illud</span> 
     </span>
     <span class='ocr_line' id='line_1_26' title="bbox 261 1809 1654 1859; baseline 0.002 -12"><span class='ocrx_word' id='word_1_216' title='bbox 261 1817 393 1848; x_wconf 88' lang='lat' dir='ltr'>autem</span> <span class='ocrx_word' id='word_1_217' title='bbox 429 1817 584 1858; x_wconf 90' lang='lat' dir='ltr'>tempus</span> <span class='ocrx_word' id='word_1_218' title='bbox 619 1809 831 1858; x_wconf 86' lang='lat' dir='ltr'>quotannis</span> <span class='ocrx_word' id='word_1_219' title='bbox 862 1818 954 1848; x_wconf 88' lang='lat' dir='ltr'>ante</span> <span class='ocrx_word' id='word_1_220' title='bbox 986 1824 1048 1847; x_wconf 92' lang='lat' dir='ltr'>me</span> <span class='ocrx_word' id='word_1_221' title='bbox 1083 1811 1206 1847; x_wconf 87' lang='lat' dir='ltr'>fuerat</span> <span class='ocrx_word' id='word_1_222' title='bbox 1238 1809 1276 1847; x_wconf 85' lang='lat' dir='ltr'>in</span> <span class='ocrx_word' id='word_1_223' title='bbox 1308 1811 1385 1847; x_wconf 93' lang='lat' dir='ltr'>hoc</span> <span class='ocrx_word' id='word_1_224' title='bbox 1415 1818 1590 1859; x_wconf 89' lang='lat' dir='ltr'>quaestu.</span> <span class='ocrx_word' id='word_1_225' title='bbox 1617 1827 1654 1858; x_wconf 83' lang='lat'>25</span> 
     </span>
     <span class='ocr_line' id='line_1_27' title="bbox 263 1874 1593 1924; baseline -0.001 -10"><span class='ocrx_word' id='word_1_226' title='bbox 263 1875 450 1914; x_wconf 89' lang='lat' dir='ltr'>Civitates</span> <span class='ocrx_word' id='word_1_227' title='bbox 471 1876 687 1924; x_wconf 88' lang='lat' dir='ltr'>locupletes</span> <span class='ocrx_word' id='word_1_228' title='bbox 709 1888 758 1913; x_wconf 88' lang='lat' dir='ltr'>ne</span> <span class='ocrx_word' id='word_1_229' title='bbox 780 1875 818 1912; x_wconf 90' lang='lat' dir='ltr'>in</span> <span class='ocrx_word' id='word_1_230' title='bbox 841 1875 1005 1913; x_wconf 90' lang='lat' dir='ltr'>hiberna</span> <span class='ocrx_word' id='word_1_231' title='bbox 1026 1874 1167 1912; x_wconf 88' lang='lat' dir='ltr'>milites</span> <span class='ocrx_word' id='word_1_232' title='bbox 1196 1874 1411 1924; x_wconf 86' lang='lat' dir='ltr'>reciperent</span> <span class='ocrx_word' id='word_1_233' title='bbox 1434 1889 1593 1924; x_wconf 81' lang='lat' dir='ltr'>magnas</span> 
     </span>
     <span class='ocr_line' id='line_1_28' title="bbox 261 1939 1593 1990; baseline 0 -12"><span class='ocrx_word' id='word_1_234' title='bbox 261 1940 449 1990; x_wconf 84' lang='lat' dir='ltr'>pecunias</span> <span class='ocrx_word' id='word_1_235' title='bbox 479 1939 637 1985; x_wconf 87' lang='lat' dir='ltr'>dabant,</span> <span class='ocrx_word' id='word_1_236' title='bbox 672 1939 804 1989; x_wconf 85' lang='lat' dir='ltr'>Cyprii</span> <span class='ocrx_word' id='word_1_237' title='bbox 836 1941 982 1978; x_wconf 85' lang='lat' dir='ltr'>talenta</span> <span class='ocrx_word' id='word_1_238' title='bbox 1011 1939 1143 1977; x_wconf 90' lang='lat' dir='ltr'>Attica</span> <span class='ocrx_word' id='word_1_239' title='bbox 1176 1951 1249 1987; x_wconf 69' lang='lat' dir='ltr'>CC,</span> <span class='ocrx_word' id='word_1_240' title='bbox 1282 1953 1359 1989; x_wconf 89' lang='lat' dir='ltr'>qua</span> <span class='ocrx_word' id='word_1_241' title='bbox 1390 1954 1436 1977; x_wconf 80' lang='lat' dir='ltr'>ex</span> <span class='ocrx_word' id='word_1_242' title='bbox 1468 1939 1593 1978; x_wconf 88' lang='lat' dir='ltr'>insula</span> 
     </span>
     <span class='ocr_line' id='line_1_29' title="bbox 261 2005 1593 2055; baseline 0.001 -14"><span class='ocrx_word' id='word_1_243' title='bbox 261 2005 360 2055; x_wconf 89' lang='lat' dir='ltr'>(non</span> <span class='ocrx_word' id='word_1_244' title='bbox 381 2006 637 2055; x_wconf 74' lang='grc' dir='ltr'>ὑπερβολικῶς</span> <span class='ocrx_word' id='word_1_245' title='bbox 663 2007 733 2043; x_wconf 87' lang='lat' dir='ltr'>sed</span> <span class='ocrx_word' id='word_1_246' title='bbox 754 2005 954 2043; x_wconf 83' lang='lat' dir='ltr'>verissime</span> <span class='ocrx_word' id='word_1_247' title='bbox 978 2005 1134 2055; x_wconf 89' lang='lat' dir='ltr'>loquor)</span> <span class='ocrx_word' id='word_1_248' title='bbox 1157 2018 1343 2042; x_wconf 82' lang='lat' dir='ltr'>nummus</span> <span class='ocrx_word' id='word_1_249' title='bbox 1372 2006 1501 2043; x_wconf 85' lang='lat' dir='ltr'>nullus</span> <span class='ocrx_word' id='word_1_250' title='bbox 1530 2019 1593 2043; x_wconf 93' lang='lat' dir='ltr'>me</span> 
     </span>
     <span class='ocr_line' id='line_1_30' title="bbox 261 2070 1592 2121; baseline 0.001 -14"><span class='ocrx_word' id='word_1_251' title='bbox 261 2070 466 2109; x_wconf 88' lang='lat' dir='ltr'>obtinente</span> <span class='ocrx_word' id='word_1_252' title='bbox 487 2070 721 2121; x_wconf 80' lang='lat' dir='ltr'>erogabitur.</span> <span class='ocrx_word' id='word_1_253' title='bbox 780 2071 845 2109; x_wconf 91' lang='lat' dir='ltr'>Ob</span> <span class='ocrx_word' id='word_1_254' title='bbox 873 2072 970 2108; x_wconf 88' lang='lat' dir='ltr'>haec</span> <span class='ocrx_word' id='word_1_255' title='bbox 998 2070 1190 2108; x_wconf 88' lang='lat' dir='ltr'>beneficia</span> <span class='ocrx_word' id='word_1_256' title='bbox 1211 2070 1354 2120; x_wconf 88' lang='lat' dir='ltr'>quibus</span> <span class='ocrx_word' id='word_1_257' title='bbox 1377 2070 1430 2108; x_wconf 92' lang='lat' dir='ltr'>illi</span> <span class='ocrx_word' id='word_1_258' title='bbox 1460 2071 1592 2108; x_wconf 89' lang='lat' dir='ltr'>obstu-</span> 
     </span>
    </p>
   </div>
   <div class='ocr_carea' id='block_1_3' title="bbox 258 2172 1595 2475">
    <p class='ocr_par' dir='ltr' id='par_1_5' title="bbox 258 2172 1595 2475">
     <span class='ocr_line' id='line_1_31' title="bbox 308 2172 1591 2212; baseline 0.001 -9"><span class='ocrx_word' id='word_1_259' title='bbox 308 2183 321 2203; x_wconf 91' lang='lat'>1</span> <span class='ocrx_word' id='word_1_260' title='bbox 348 2179 439 2204; x_wconf 87' lang='lat' dir='ltr'>recta</span> <span class='ocrx_word' id='word_1_261' title='bbox 456 2172 648 2205; x_wconf 60' lang='lat' dir='ltr'><em>NHPCZC:</em></span> <span class='ocrx_word' id='word_1_262' title='bbox 676 2178 766 2204; x_wconf 83' lang='lat' dir='ltr'>certa</span> <span class='ocrx_word' id='word_1_263' title='bbox 785 2173 827 2204; x_wconf 93' lang='lat' dir='ltr'><em>M</em></span> <span class='ocrx_word' id='word_1_264' title='bbox 998 2184 1019 2212; x_wconf 90' lang='lat'>9</span> <span class='ocrx_word' id='word_1_265' title='bbox 1042 2174 1102 2204; x_wconf 75' lang='lat' dir='ltr'>sed</span> <span class='ocrx_word' id='word_1_266' title='bbox 1120 2174 1188 2204; x_wconf 75' lang='lat' dir='ltr'>serl.</span> <span class='ocrx_word' id='word_1_267' title='bbox 1209 2173 1278 2204; x_wconf 79' lang='lat' dir='ltr'><em>edd.</em></span> <span class='ocrx_word' id='word_1_268' title='bbox 1301 2173 1401 2203; x_wconf 77' lang='lat' dir='ltr'>multi</span> <span class='ocrx_word' id='word_1_269' title='bbox 1500 2178 1591 2204; x_wconf 86' lang='lat' dir='ltr'>tran-</span> 
     </span>
     <span class='ocr_line' id='line_1_32' title="bbox 260 2216 1592 2257; baseline 0 -10"><span class='ocrx_word' id='word_1_270' title='bbox 260 2217 367 2248; x_wconf 84' lang='lat' dir='ltr'>sitans</span> <span class='ocrx_word' id='word_1_271' title='bbox 398 2217 492 2247; x_wconf 85' lang='lat' dir='ltr'>Man.</span> <span class='ocrx_word' id='word_1_272' title='bbox 511 2229 517 2247; x_wconf 72' lang='grc' dir='ltr'>ε</span> <span class='ocrx_word' id='word_1_273' title='bbox 542 2218 718 2248; x_wconf 84' lang='lat' dir='ltr'>transitam</span> <span class='ocrx_word' id='word_1_274' title='bbox 752 2217 813 2247; x_wconf 89' lang='lat' dir='ltr'>M:</span> <span class='ocrx_word' id='word_1_275' title='bbox 849 2218 989 2248; x_wconf 83' lang='lat' dir='ltr'>transita</span> <span class='ocrx_word' id='word_1_276' title='bbox 1020 2217 1198 2247; x_wconf 59' lang='lat' dir='ltr'>Asreusins</span> <span class='ocrx_word' id='word_1_277' title='bbox 1215 2229 1221 2247; x_wconf 74' lang='grc' dir='ltr'>ε</span> <span class='ocrx_word' id='word_1_278' title='bbox 1256 2217 1398 2256; x_wconf 80' lang='lat' dir='ltr'>prandia</span> <span class='ocrx_word' id='word_1_279' title='bbox 1430 2216 1592 2257; x_wconf 66' lang='lat' dir='ltr'>Madvzg:</span> 
     </span>
     <span class='ocr_line' id='line_1_33' title="bbox 259 2260 1595 2300; baseline -0.001 -10"><span class='ocrx_word' id='word_1_280' title='bbox 259 2261 455 2299; x_wconf 82' lang='lat' dir='ltr'>pransitans</span> <span class='ocrx_word' id='word_1_281' title='bbox 473 2261 663 2300; x_wconf 72' lang='lat' dir='ltr'>Peerlkamp</span> <span class='ocrx_word' id='word_1_282' title='bbox 676 2261 817 2292; x_wconf 66' lang='lat' dir='ltr'>Miiller:</span> <span class='ocrx_word' id='word_1_283' title='bbox 842 2262 1017 2291; x_wconf 84' lang='lat' dir='ltr'>transitam</span> <span class='ocrx_word' id='word_1_284' title='bbox 1035 2265 1146 2290; x_wconf 79' lang='lat' dir='ltr'>ortum</span> <span class='ocrx_word' id='word_1_285' title='bbox 1164 2272 1228 2290; x_wconf 76' lang='lat' dir='ltr'>csse</span> <span class='ocrx_word' id='word_1_286' title='bbox 1244 2272 1282 2290; x_wconf 68' lang='grc' dir='ltr'>ιιι·</span> <span class='ocrx_word' id='word_1_287' title='bbox 1297 2261 1330 2290; x_wconf 87' lang='lat' dir='ltr'>in</span> <span class='ocrx_word' id='word_1_288' title='bbox 1350 2261 1492 2290; x_wconf 80' lang='lat' dir='ltr'>transitu</span> <span class='ocrx_word' id='word_1_289' title='bbox 1505 2260 1595 2299; x_wconf 80' lang='lat' dir='ltr'>quod</span> 
     </span>
     <span class='ocr_line' id='line_1_34' title="bbox 258 2303 1594 2344; baseline 0 -11"><span class='ocrx_word' id='word_1_290' title='bbox 258 2305 369 2344; x_wconf 78' lang='lat' dir='ltr'>ipsum</span> <span class='ocrx_word' id='word_1_291' title='bbox 393 2304 505 2334; x_wconf 78' lang='lat' dir='ltr'>Gracci</span> <span class='ocrx_word' id='word_1_292' title='bbox 527 2305 699 2334; x_wconf 77' lang='lat' dir='ltr'>cuiusdam</span> <span class='ocrx_word' id='word_1_293' title='bbox 719 2305 804 2334; x_wconf 75' lang='lat' dir='ltr'>velut</span> <span class='ocrx_word' id='word_1_294' title='bbox 829 2305 863 2335; x_wconf 80' lang='grc' dir='ltr'>ἐν</span> <span class='ocrx_word' id='word_1_295' title='bbox 888 2304 1013 2343; x_wconf 74' lang='grc' dir='ltr'><em>παρόδῳ</em></span> <span class='ocrx_word' id='word_1_296' title='bbox 1032 2304 1198 2343; x_wconf 70' lang='lat' dir='ltr'>glossema</span> <span class='ocrx_word' id='word_1_297' title='bbox 1212 2305 1333 2342; x_wconf 68' lang='lat' dir='ltr'>suisset</span> <span class='ocrx_word' id='word_1_298' title='bbox 1346 2307 1444 2343; x_wconf 73' lang='lat' dir='ltr'>putat</span> <span class='ocrx_word' id='word_1_299' title='bbox 1471 2303 1594 2343; x_wconf 78' lang='lat' dir='ltr'>Tyrrell</span> 
     </span>
     <span class='ocr_line' id='line_1_35' title="bbox 262 2347 1590 2388; baseline 0 -12"><span class='ocrx_word' id='word_1_300' title='bbox 262 2357 316 2380; x_wconf 86' lang='lat'>10.</span> <span class='ocrx_word' id='word_1_301' title='bbox 338 2358 370 2377; x_wconf 87' lang='lat'>11</span> <span class='ocrx_word' id='word_1_302' title='bbox 397 2352 533 2386; x_wconf 83' lang='lat' dir='ltr'>praeter</span> <span class='ocrx_word' id='word_1_303' title='bbox 550 2372 557 2379; x_wconf 89' lang='lat'><strong>.</strong></span> <span class='ocrx_word' id='word_1_304' title='bbox 580 2373 587 2379; x_wconf 89' lang='lat'>.</span> <span class='ocrx_word' id='word_1_305' title='bbox 606 2373 612 2379; x_wconf 92' lang='lat'>.</span> <span class='ocrx_word' id='word_1_306' title='bbox 635 2349 768 2387; x_wconf 85' lang='lat' dir='ltr'>accepit</span> <span class='ocrx_word' id='word_1_307' title='bbox 785 2348 855 2380; x_wconf 78' lang='lat' dir='ltr'>secl.</span> <span class='ocrx_word' id='word_1_308' title='bbox 871 2347 940 2379; x_wconf 86' lang='lat' dir='ltr'>edd.</span> <span class='ocrx_word' id='word_1_309' title='bbox 955 2348 1095 2388; x_wconf 77' lang='lat' dir='ltr'>plerique</span> <span class='ocrx_word' id='word_1_310' title='bbox 1203 2347 1297 2383; x_wconf 78' lang='lat' dir='ltr'>vicis,</span> <span class='ocrx_word' id='word_1_311' title='bbox 1316 2348 1444 2385; x_wconf 87' lang='lat' dir='ltr'>accepit</span> <span class='ocrx_word' id='word_1_312' title='bbox 1462 2351 1495 2376; x_wconf 88' lang='lat' dir='ltr'>et</span> <span class='ocrx_word' id='word_1_313' title='bbox 1514 2347 1590 2377; x_wconf 83' lang='lat' dir='ltr'>facit</span> 
     </span>
     <span class='ocr_line' id='line_1_36' title="bbox 258 2390 1590 2434; baseline 0 -14"><span class='ocrx_word' id='word_1_314' title='bbox 258 2390 398 2430; x_wconf 75' lang='lat' dir='ltr'>Madvig</span> <span class='ocrx_word' id='word_1_315' title='bbox 575 2394 614 2422; x_wconf 92' lang='lat'>16</span> <span class='ocrx_word' id='word_1_316' title='bbox 638 2393 713 2434; x_wconf 79' lang='lat' dir='ltr'>sed]</span> <span class='ocrx_word' id='word_1_317' title='bbox 733 2396 768 2422; x_wconf 88' lang='lat' dir='ltr'>et</span> <span class='ocrx_word' id='word_1_318' title='bbox 787 2391 953 2422; x_wconf 77' lang='lat' dir='ltr'>Corradus</span> <span class='ocrx_word' id='word_1_319' title='bbox 1106 2391 1206 2420; x_wconf 62' lang='lat' dir='ltr'>et‘am</span> <span class='ocrx_word' id='word_1_320' title='bbox 1230 2390 1344 2420; x_wconf 83' lang='lat' dir='ltr'>codices</span> <span class='ocrx_word' id='word_1_321' title='bbox 1362 2390 1590 2429; x_wconf 67' lang='lat' dir='ltr'>Malaspimre:</span> 
     </span>
     <span class='ocr_line' id='line_1_37' title="bbox 258 2433 1562 2475; baseline -0.001 -11"><span class='ocrx_word' id='word_1_322' title='bbox 258 2445 323 2465; x_wconf 84' lang='lat' dir='ltr'>om.</span> <span class='ocrx_word' id='word_1_323' title='bbox 344 2435 390 2474; x_wconf 87' lang='lat' dir='ltr'>M,</span> <span class='ocrx_word' id='word_1_324' title='bbox 405 2435 440 2474; x_wconf 86' lang='lat' dir='ltr'>cf.</span> <span class='ocrx_word' id='word_1_325' title='bbox 462 2435 505 2466; x_wconf 90' lang='lat' dir='ltr'>iii.</span> <span class='ocrx_word' id='word_1_326' title='bbox 531 2445 577 2474; x_wconf 87' lang='lat'>15.</span> <span class='ocrx_word' id='word_1_327' title='bbox 598 2445 618 2474; x_wconf 90' lang='lat'>5</span> <span class='ocrx_word' id='word_1_328' title='bbox 750 2446 792 2475; x_wconf 87' lang='lat'>29</span> <span class='ocrx_word' id='word_1_329' title='bbox 817 2435 1010 2475; x_wconf 85' lang='lat' dir='ltr'>erogabitur</span> <span class='ocrx_word' id='word_1_330' title='bbox 1027 2435 1258 2475; x_wconf 56' lang='lat' dir='ltr'>§practerE2</span> <span class='ocrx_word' id='word_1_331' title='bbox 1282 2434 1483 2473; x_wconf 78' lang='lat' dir='ltr'>erogabatur</span> <span class='ocrx_word' id='word_1_332' title='bbox 1499 2433 1562 2463; x_wconf 82' lang='grc' dir='ltr'>ΔΕ</span> 
     </span>
    </p>
   </div>
  </div>
 </body>
</html>
