1817 2832
125 145 172 182 V.
192 145 252 182 xii
605 148 661 185 M.
693 145 863 184 TVLLI
895 144 1202 184 CICERONIS

246 255 406 305 explica.
465 254 541 295 Cui
572 255 626 294 rei
660 257 809 305 fugerat
841 269 904 294 me
938 255 1161 303 rescribere,
1188 256 1238 294 de
1268 262 1371 293 strue
1399 255 1578 301 laterum,

248 322 363 369 plane
390 333 497 369 rogo,
517 321 568 359 de
597 334 713 370 aqua,
734 320 765 358 si
787 320 883 370 quid
908 320 1050 370 poterit
1071 319 1166 368 fieri,
1187 333 1234 358 eo·
1262 319 1313 357 sis
1339 319 1472 357 animo
1499 332 1578 368 quo

248 386 350 422 soles
371 398 478 432 esse3
509 398 628 434 quam
649 398 722 434 ego
743 399 835 423 cum
860 398 948 423 mea
970 392 1111 434 sponte
1132 392 1216 422 tum
1236 383 1312 422 tuis
1333 383 1579 422 sermonibus

247 448 412 487 aestimo
442 449 608 499 plurimi.
670 452 775 500 Ergo
802 458 844 488 tu
871 449 911 488 id
940 448 1136 488 conficies.
1197 450 1402 486 Praeterea
1428 448 1458 486 si
1484 448 1579 497 quid

249 513 454 564 Philippus
483 514 635 564 rogabit
665 516 775 564 quod
804 514 844 552 in
875 522 941 553 tua
972 528 1012 552 re
1044 516 1200 560 faceres,
1233 513 1274 551 id
1302 512 1417 550 velim
1448 512 1577 550 facias.
1601 527 1617 557 5

250 579 366 616 Plura
392 578 559 617 scribam
584 580 636 617 ad
661 587 698 619 te
725 593 816 619 curn
844 579 1067 620 constitero.
1128 580 1248 617 Nunc
1272 590 1377 616 eram
1401 578 1516 629 plane
1541 576 1581 615 in

250 643 384 682 medio
405 644 511 682 mari.

294 755 412 791 XIII
603 758 672 791 Ssr.
691 758 815 800 Ephesi
827 759 873 790 vii
885 758 928 789 K.
946 758 1034 792 Sext.
1053 770 1082 790 a.
1103 769 1157 798 703
1176 758 1188 801 (
1192 759 1260 799 51).

667 830 843 861 CICERO
867 830 1042 861 ATTICO
1069 830 1166 861 SAL.

213 913 231 941 Ι
307 903 511 952 Ephesum
540 901 719 940 venimus
753 915 786 940 a.
818 902 855 940 d.
888 914 932 939 xl
965 903 1053 939 Kal.
1086 900 1239 939 Sextilis
1274 899 1515 950 sexagesimo
1545 907 1583 938 et
1606 914 1644 935 10

252 967 568 1017 quingentesimo
616 974 705 1017 post
752 980 926 1017 pugnam
975 966 1232 1005 Bovillanam.
1303 965 1584 1015 Navigavimus

252 1031 336 1070 sine
357 1032 496 1071 timore
523 1039 561 1070 et
585 1031 669 1070 sine
696 1046 843 1070 nausea
867 1033 937 1070 sed
958 1031 1104 1070 tardius
1125 1039 1284 1082 propter
1307 1033 1584 1081 aphractorum

253 1097 503 1136 Rhodiorum
533 1097 854 1135 imbecillitatem.
916 1098 977 1135 De
1009 1110 1203 1135 concursu
1232 1096 1486 1146 legationum,
1514 1095 1586 1145 pri-

252 1169 430 1200 vatorum
458 1170 496 1200 et
520 1163 570 1200 de
596 1161 817 1200 incredibili
843 1161 1095 1200 multitudine
1120 1175 1221 1211 quae
1249 1160 1345 1199 mihi
1375 1160 1451 1199 iam
1478 1159 1583 1198 Sami

253 1228 323 1265 sed
344 1227 562 1265 mirabilem
583 1226 623 1264 in
644 1228 809 1265 modum
832 1226 979 1277 Ephesi
1007 1234 1161 1277 praesto
1185 1226 1257 1264 fuit
1280 1234 1347 1264 aut
1368 1225 1525 1264 audisse
1546 1233 1584 1263 te
1607 1239 1642 1269 15

252 1300 349 1343 puto
375 1300 442 1330 aut
463 1295 472 1311 ⁶
489 1292 597 1340 Quid
626 1293 677 1330 ad
708 1306 771 1330 me
800 1292 990 1330 attinet?'
1037 1293 1186 1330 Verum
1216 1299 1349 1330 tamen
1374 1291 1585 1330 decumani

253 1358 368 1406 quasi
383 1357 578 1395 venissem
604 1371 695 1395 cum
720 1356 894 1407 imperio,
920 1357 1060 1395 Graeci
1085 1357 1196 1407 quasi
1220 1357 1394 1407 Ephesio
1419 1356 1587 1406 praetori

254 1436 295 1461 se
328 1423 474 1460 alacres
509 1423 747 1461 obtulerunt.
812 1424 870 1460 Ex
909 1436 989 1472 quo
1029 1429 1066 1461 te
1105 1422 1330 1472 intellegere
1364 1430 1471 1460 certo
1506 1421 1587 1460 scio

254 1489 467 1526 multorum
496 1501 691 1526 annorum
722 1486 1005 1525 ostentationes
1036 1500 1143 1525 meas
1173 1501 1279 1526 nunc
1309 1487 1349 1525 in
1375 1487 1587 1525 discrimen

254 1567 339 1592 esse
373 1554 576 1591 adductas.
636 1554 714 1591 Sed
746 1560 788 1590 ut
820 1566 947 1602 spero,
979 1559 1134 1590 utemur
1168 1566 1214 1590 ea
1245 1554 1436 1602 palaestra
1468 1565 1586 1601 quarn
1609 1565 1648 1586 20

254 1632 278 1657 a
309 1626 346 1656 te
380 1617 590 1656 didicimus
629 1617 894 1667 omnibusque
934 1617 1025 1655 satis
1059 1616 1247 1655 faciemus
1279 1624 1317 1655 et
1355 1631 1403 1655 eo
1438 1616 1589 1655 facilius

256 1684 365 1733 quod
399 1683 438 1720 in
472 1690 605 1721 nostra
635 1681 836 1732 provincia
870 1683 1074 1720 confectae
1113 1690 1203 1720 sunt
1236 1682 1450 1731 pactiones.
1511 1682 1589 1720 Sed

257 1750 461 1795 hactenus,
482 1747 706 1797 praesertim
735 1761 826 1785 cum
854 1746 1010 1785 cenanti
1038 1746 1135 1784 mihi
1159 1747 1346 1785 nuntiarit
1368 1746 1523 1786 Cestius
1549 1760 1589 1784 se

258 1815 308 1853 de
330 1821 446 1851 nocte
466 1812 670 1862 proficisci.

216 1891 243 1919 2
314 1881 402 1917 Tua
436 1878 633 1928 negotiola
665 1876 813 1928 Ephesi
847 1890 962 1915 curae
997 1876 1092 1914 mihi
1127 1878 1295 1925 fuerunt,
1322 1879 1590 1926 Thermoque,
1612 1891 1648 1921 25

261 1944 415 1984 tametsi
445 1951 536 1982 ante
569 1945 783 1982 adventum
817 1957 949 1982 meum
982 1942 1251 1981 liberalissime
1283 1950 1363 1981 erat
1393 1942 1591 1993 pollicitus

260 2011 336 2049 tuis
370 2009 565 2056 omnibus,
595 2017 727 2047 tamen
763 2008 1020 2059 Philogenem
1055 2016 1093 2046 et
1127 2008 1260 2046 Seium
1293 2008 1446 2055 tradidi,
1474 2009 1594 2057 Apol-

260 2075 508 2114 lonidensem
547 2077 759 2113 Xenonem
800 2073 1087 2112 commendavi.
1156 2073 1333 2112 Omnino
1376 2073 1510 2111 omnia
1552 2087 1593 2111 sc

262 2143 455 2180 facturum
489 2139 646 2189 recepit.
707 2141 792 2188 Ego
824 2146 1023 2188 praeterea
1053 2137 1244 2176 rationem
1275 2137 1481 2188 Philogeni
1513 2152 1594 2188 per-

311 2257 324 2276 1
352 2246 393 2275 dc
411 2250 503 2275 strue
520 2244 660 2274 laterum
679 2243 800 2273 Hosius
821 2242 900 2272 duce
919 2242 1109 2281 Alalaspina
1128 2254 1134 2273 :
1159 2242 1315 2272 destrues
1336 2242 1479 2272 alterum
1503 2241 1590 2272 codd.

263 2302 283 2330 4
309 2295 344 2320 tu
373 2290 403 2319 id
433 2289 549 2318 Klotz:
595 2288 674 2326 quid
705 2288 765 2316 M:
804 2286 929 2325 aliquid
956 2286 1067 2315 Aldus
1222 2296 1240 2324 5
1266 2285 1435 2324 rogaverit
1464 2285 1595 2315 Srln'clte

268 2344 305 2373 15
331 2334 364 2363 in
392 2333 524 2362 modum
551 2335 613 2361 Es:
647 2341 712 2361 om.
741 2330 783 2362 M
916 2331 954 2359 16
980 2330 1047 2359 mel
1075 2333 1109 2359 te
1132 2328 1256 2359 Sclziite
1331 2329 1455 2359 Verum
1480 2333 1592 2359 tamen

265 2395 314 2407 ——.
345 2376 530 2406 Decumani
551 2376 695 2405 Olivetus
809 2384 845 2412 17
872 2374 965 2412 quasi
984 2372 1059 2403 add.
1084 2373 1266 2403 Gronovius
1365 2383 1406 2410 23
1432 2373 1594 2402 nuntiarit

266 2419 451 2451 Corradus:
477 2420 645 2450 nuntiaret
662 2418 703 2448 M
788 2418 830 2448 28
854 2416 1005 2447 Omnino
1023 2417 1134 2446 onmia
1150 2416 1189 2447 I:
1213 2417 1324 2447 onmia
1341 2416 1454 2446 onmia
1470 2415 1511 2444 M
