1817 2832
179 126 226 163 V.
246 125 322 162 xvi
649 127 705 164 M.
738 125 905 162 TVLLI
937 124 1243 164 CICERONIS

276 239 425 276 solvere
445 250 525 275 non
546 250 672 286 posse,
691 238 782 277 ὠνὰς
801 235 979 274 omnium
1000 236 1188 284 venditas,
1205 236 1405 275 civitatum
1426 237 1605 287 gemitus,

274 303 458 351 ploratus,
488 309 663 339 monstra
692 302 888 351 quaedam
921 315 1002 339 non
1034 301 1206 339 hominis
1240 303 1310 340 sed
1340 304 1442 341 ferae
1472 303 1606 341 nescio

275 366 385 404 cuius
417 365 610 403 immanis.
672 365 781 414 Quid
813 365 995 415 quaeris?
1033 367 1165 404 taedet
1196 366 1360 404 omnino
1394 380 1461 405 eos
1492 367 1602 405 vitae.

231 436 255 473 3
276 433 473 469 Levantur
499 438 631 469 tamen
661 431 824 469 miserae
854 431 1028 469 civitates
1060 432 1169 481 quod
1197 433 1327 469 nullus
1354 432 1396 469 fit
1426 440 1605 482 sumptus

273 496 312 534 in
347 510 419 535 nos
458 511 587 548 neque
626 497 665 534 in
700 499 846 547 legatos
886 510 1015 546 neque
1049 496 1088 534 in
1120 503 1368 546 quaestorem
1401 511 1531 547 neque
1564 497 1604 535 in
1626 510 1644 543 5

271 576 524 612 quemquam.
585 562 691 602 Scito
718 576 797 601 non
824 564 945 601 modo
973 576 1045 600 nos
1072 564 1233 601 foenum
1261 570 1327 600 aut
1348 564 1457 612 quod
1477 576 1498 601 e
1518 564 1604 613 lege

272 627 372 665 Iulia
405 628 486 666 dari
522 630 621 667 solet
660 642 741 666 non
779 628 958 678 accipere
997 629 1066 666 sed
1101 641 1151 666 ne
1184 627 1289 678 ligna
1323 627 1496 677 quidem,
1529 641 1603 666 nec

269 700 421 743 praeter
442 701 627 743 quattuor
652 695 774 731 lectos
800 701 837 731 et
859 701 1006 731 tectum
1032 706 1271 742 quemquam
1299 692 1477 741 accipere
1498 692 1603 742 quic-

269 771 399 807 quam,
434 758 566 797 multis
601 758 697 797 locis
732 772 782 796 ne
817 766 964 796 tectum
1000 757 1161 807 quidem
1201 765 1239 796 et
1274 757 1313 794 in
1348 757 1601 795 tabernaculo

268 837 427 862 manere
459 825 701 873 plerumque.
763 825 903 873 Itaque
937 822 1209 861 incredibilem
1241 822 1280 860 in
1315 823 1479 860 modum
1511 836 1601 860 con-
1623 839 1661 861 10

270 900 405 925 cursus
427 889 524 926 fiunt
540 902 587 926 ex
606 888 716 937 agris,
733 902 779 926 ex
795 887 902 935 vicis,
917 901 963 925 ex
984 887 1169 925 domibus
1190 886 1385 925 omnibus.
1429 889 1498 925 Me
1518 888 1601 926 her-

268 954 355 991 cule
377 953 494 991 etiam
515 955 687 992 adventu
709 961 843 991 nostro
864 952 1108 991 reviviscunt.
1170 952 1334 999 Iustitia,
1349 952 1596 999 abstinentia,

269 1018 479 1056 clementia
495 1018 549 1057 tui
565 1018 767 1058 Ciceronis
786 1016 950 1070 [itaque]
968 1018 1175 1068 opiniones
1196 1017 1374 1056 omnium
1391 1018 1596 1068 superavit.

223 1088 250 1125 4
270 1083 422 1133 Appius
444 1091 485 1121 ut
505 1083 653 1122 audivit
675 1096 746 1122 nos
767 1083 912 1131 venire>
925 1083 965 1121 in
985 1083 1163 1121 ultimam
1184 1082 1425 1133 provinciam
1447 1097 1488 1121 se
1509 1097 1599 1121 con-

267 1146 358 1185 iecit
374 1149 541 1186 Tarsum
562 1162 696 1197 usque.
758 1147 820 1186 Ibi
844 1149 971 1186 forum
995 1147 1083 1197 agit.
1145 1149 1206 1186 De
1228 1149 1373 1185 Partho
1399 1147 1596 1185 silentium
1619 1162 1658 1194 15

266 1219 338 1259 est,
352 1213 420 1250 sed
439 1219 570 1250 tamen
587 1212 767 1250 concisos
784 1212 935 1262 equites
956 1220 1109 1250 nostros
1129 1225 1152 1250 a
1167 1212 1341 1250 barbaris
1362 1212 1598 1251 nuntiabant

266 1275 291 1313 ii
313 1276 379 1325 qui
401 1276 621 1314 veniebant.
683 1276 847 1315 Bibulus
875 1290 924 1315 ne
951 1276 1148 1327 cogitabat
1169 1276 1330 1326 quidem
1353 1276 1470 1314 etiam
1491 1290 1597 1315 nunc

264 1339 303 1377 in
339 1340 581 1390 provinciam
621 1355 731 1379 suam
770 1343 983 1389 accedere3
1020 1341 1061 1379 id
1094 1348 1226 1379 autem
1261 1342 1388 1379 facere
1422 1341 1474 1379 ob
1509 1355 1595 1380 eam

264 1418 422 1443 causam
463 1405 649 1444 dicebant
688 1407 796 1456 quod
835 1406 982 1444 tardius
1021 1408 1137 1444 vellet
1171 1407 1373 1445 decedere.
1436 1407 1521 1445 Nos
1555 1406 1596 1444 in

263 1477 389 1509 castra
417 1471 725 1521 properabamus
756 1485 856 1521 quae
886 1472 1048 1510 aberant
1077 1471 1205 1510 tridui.
1617 1478 1654 1500 ²0

306 1609 441 1645 XVII
485 1611 555 1645 Ser.
569 1613 603 1645 in
614 1614 723 1644 itinere
733 1613 779 1644 ad
786 1618 889 1645 castra
901 1614 1022 1645 inleriv
1031 1613 1080 1645 Id.
1094 1617 1123 1644 ct
1128 1613 1208 1655 prid
1223 1613 1275 1646 Id.
1287 1613 1376 1645 Sext.
1389 1625 1421 1647 a.
1437 1624 1492 1655 703
1504 1614 1518 1656 <
1530 1614 1593 1657 51).

682 1692 857 1722 CICERO
881 1691 1054 1723 ATTICO
1080 1691 1180 1725 SAL.

226 1778 244 1806 1
316 1768 464 1818 Accepi
486 1770 617 1807 Roma
644 1768 726 1806 sine
754 1768 919 1818 epistula
941 1777 1007 1807 tua
1032 1769 1261 1808 fasciculum
1282 1769 1522 1819 litterarum3
1550 1770 1592 1809 in

262 1847 355 1883 quo,
376 1833 407 1871 si
435 1834 555 1871 modo
579 1833 733 1871 valuisti
760 1841 797 1871 et
824 1835 977 1872 Romae
1006 1834 1122 1882 fuisti,
1149 1834 1350 1872 Philotimi
1374 1836 1478 1873 duco
1506 1849 1591 1874 esse

260 1899 427 1948 culpam,
445 1911 524 1936 non
542 1905 660 1936 tuam.
712 1900 831 1936 Hanc
852 1898 1058 1947 epistulam
1075 1899 1219 1937 dictavi
1240 1901 1382 1938 sedens
1402 1900 1442 1938 in
1459 1903 1586 1948 raeda,
1612 1910 1650 1942 25

306 2010 319 2029 1
346 2000 478 2030 solvere
496 2009 563 2029 non
588 2009 687 2038 posse
711 1999 778 2030 secl.
806 2000 940 2031 Ernesti
1090 2011 1110 2040 3
1134 2001 1271 2032 omnino
1292 2012 1350 2033 eos
1374 2002 1587 2043 Malaspz'na:

259 2044 406 2073 omnium
440 2053 499 2073 nos
530 2042 619 2074 codd.
790 2046 811 2073 6
835 2055 853 2074 e
878 2043 988 2075 ENP:
1029 2054 1071 2074 ex
1102 2045 1158 2075 H:
1200 2046 1242 2075 de
1271 2045 1344 2077 Ms:
1385 2057 1450 2077 om.
1487 2045 1587 2079 Rom.

263 2086 450 2126 lVesenberg
562 2096 597 2116 11
626 2097 668 2117 ex
687 2087 841 2117 domibus
857 2089 1014 2118 omnibus
1042 2088 1116 2120 Vz'ct.
1133 2100 1139 2118 :
1166 2100 1207 2119 ex
1226 2090 1416 2120 nominibus
1435 2090 1585 2123 (noi‘busi

257 2141 300 2161 ex
321 2131 477 2160 omnibus
502 2130 590 2160 codd.
609 2135 739 2170 praeter·
764 2142 798 2161 s:
827 2142 870 2161 ex
896 2133 1057 2170 domibus,
1087 2143 1129 2162 ex
1153 2133 1307 2163 omnibus
1330 2143 1347 2163 s
1374 2133 1516 2172 Tyrrell:
1543 2145 1586 2164 ex

257 2174 390 2213 oppidis
417 2174 570 2205 omnibus
596 2174 747 2206 Ernesti:
773 2185 817 2205 ex
842 2176 994 2205 domibus
1013 2176 1085 2216 (dcl.
1112 2177 1213 2206 verbis
1241 2188 1284 2206 ex
1309 2177 1466 2207 omnibus
1491 2181 1528 2208 ut
1548 2188 1587 2208 ex

255 2217 474 2257 dittograpln'a
496 2218 587 2251 omisi
610 2217 729 2248 Gurlitt
864 2229 901 2248 12
926 2219 1044 2249 etiaml
1064 2220 1128 2249 iam
1151 2218 1340 2260 I‘Vcsenberg
1473 2231 1512 2259 13
1536 2221 1584 2251 tui

254 2260 413 2291 EOM²sz
450 2266 506 2291 tua
531 2260 659 2290 NHMl
817 2262 929 2301 itaque
956 2262 1013 2293 del.
1039 2262 1227 2303 [Vesenberg
1243 2268 1280 2293 ut
1301 2275 1340 2294 ex
1361 2264 1381 2295 l.
1397 2274 1435 2294 10
1451 2268 1582 2294 ortum:

255 2315 363 2343 aeque
393 2305 532 2335 Gurlitt:
570 2305 776 2335 reviviscunt
804 2304 930 2336 iustitia
950 2330 956 2336 .
976 2330 982 2336 .
999 2330 1007 2338 .
1030 2306 1225 2344 Ciceronis;
1264 2307 1309 2338 ita
1341 2307 1469 2339 Baiter:
1499 2307 1579 2346 sort.

257 2347 370 2386 itaque
392 2347 674 2389 transponendum
698 2352 743 2379 est
766 2353 841 2379 ante
863 2349 995 2390 Appius
1128 2361 1170 2382 20
1195 2350 1296 2381 tridui
1313 2350 1466 2382 Schiche:
1489 2350 1582 2381 bidui

254 2391 344 2423 codd.
