1790 2837
170 526 186 556 5

149 858 187 879 10

145 1505 184 1526 20

619 121 732 160 EPP.
763 120 841 159 AD
871 120 1131 160 ATTICVM
1502 120 1532 158 I.
1556 118 1632 157 xiv

252 227 361 263 XIV
561 231 632 263 Ser.
650 231 778 262 Romae
794 230 840 263 Id.
861 232 949 263 Febr.
969 242 999 262 a.
1022 232 1080 271 695
1099 230 1177 272 (61).

624 307 798 338 CICERO
824 307 995 338 ATTICO
1022 307 1119 339 SAL.

262 387 411 424 Vereor
440 400 491 425 ne
521 386 703 437 putidum
736 386 783 424 sit
817 386 984 424 scribere
1017 387 1068 424 ad
1100 393 1138 424 te
1172 398 1290 435 quam
1321 385 1393 423 sim
1423 398 1536 424 occu·
1557 397 1573 423 1

208 459 335 500 patus,
352 452 421 489 sed
442 458 573 489 tamen
594 451 647 489 ita
667 451 881 489 distinebar
901 458 942 488 ut
963 450 1055 488 huic
1076 450 1138 487 vix
1158 452 1330 488 tantulae
1347 450 1535 499 epistulae

210 522 364 565 tempus
385 515 590 553 habuerim
617 522 735 564 atque
763 514 803 552 id
829 522 1006 564 ereptum
1034 528 1055 552 e
1080 514 1243 552 summis
1271 513 1535 563 occupationi-

208 580 293 618 bus.
353 580 483 618 Prima
521 579 654 618 contio
695 579 859 630 Pompei
897 579 1022 629 qualis
1062 579 1196 617 fuisset
1235 578 1369 629 scripsi
1406 579 1457 616 ad
1496 585 1534 616 te

208 653 334 692 antea,
370 659 451 683 non
485 645 659 683 iucunda
696 645 860 692 miseris,
889 644 1016 682 inanis
1052 644 1253 694 improbis,
1289 643 1413 682 beatis
1453 656 1533 681 non

207 718 323 760 grata,
361 710 476 749 bonis
515 723 596 748 non
635 710 785 760 gravis3
824 710 957 760 itaque
996 710 1170 760 frigebat.
1243 711 1347 746 Tum
1380 708 1533 746 Pisonis

207 775 379 813 consulis
408 775 580 825 impulsu
611 775 829 814 levissimus
860 774 1039 813 tribunus
1069 775 1117 824 pl.
1153 775 1286 811 Fufius
1317 772 1356 810 in
1386 773 1533 811 contio-

206 854 297 879 nem
323 840 505 890 producit
526 840 772 890 Pompeium.
832 842 912 878 Res
940 840 1128 890 agebatur
1148 839 1187 877 in
1212 838 1316 894 circo
1338 838 1532 877 Flaminio

205 913 244 943 et
282 913 363 943 erat
400 905 441 943 in
479 919 527 944 eo
566 905 651 956 ipso
686 907 774 943 loco
813 905 879 943 illo
913 904 977 943 die
1016 904 1283 942 nundinarum
1317 905 1527 956 πανήγυρις.

205 970 409 1018 Quaesivit
438 984 484 1008 ex
513 984 560 1009 eo
590 972 812 1020 placeretne
835 970 870 1008 ei
898 969 1047 1007 iudices
1078 982 1101 1007 a
1130 976 1306 1019 praetore
1336 969 1421 1018 legi,
1450 982 1530 1018 quo

205 1035 368 1073 consilio
389 1035 495 1073 idem
516 1043 670 1085 praetor
690 1043 871 1072 uteretur.
933 1036 980 1072 Id
1009 1041 1141 1072 autem
1163 1041 1243 1072 erat
1264 1035 1313 1072 de
1335 1033 1529 1072 Clodiana

202 1100 388 1150 religione
425 1101 475 1138 ab
514 1107 651 1138 senatu
696 1099 964 1138 constitutum.
1032 1101 1138 1137 Tum
1184 1098 1396 1148 Pompeius
1438 1100 1528 1148 μάλ’
1548 1110 1571 1136 2

203 1168 510 1214 ἀριστοκρατικῶς
554 1166 708 1202 locutus
753 1171 810 1202 est
852 1171 1090 1213 senatusque
1136 1162 1408 1201 auctoritatem
1454 1162 1528 1201 sibi

203 1229 388 1268 omnibus
418 1229 458 1267 in
489 1229 605 1268 rebus
636 1228 846 1267 maximam
875 1228 997 1266 videri
1027 1241 1260 1278 semperque
1289 1227 1411 1265 visam
1444 1241 1528 1265 esse

202 1294 404 1344 respondit
431 1301 469 1332 et
498 1294 538 1332 id
568 1294 700 1332 multis
727 1293 864 1332 verbis.
926 1295 1068 1331 Postea
1099 1294 1285 1330 Messalla
1319 1293 1456 1330 consul
1486 1291 1526 1330 in

203 1367 339 1396 senatu
368 1360 417 1397 de
445 1358 636 1408 Pompeio
667 1358 857 1408 quaesivit
882 1357 978 1407 quid
1003 1359 1052 1395 de
1080 1357 1266 1407 religione
1297 1364 1335 1395 et
1362 1358 1411 1394 de
1442 1370 1527 1406 pro-

205 1425 376 1474 mulgata
406 1423 607 1473 rogatione
637 1423 806 1461 sentiret.
866 1424 1042 1460 Locutus
1074 1422 1127 1459 ita
1161 1429 1219 1459 est
1250 1421 1289 1459 in
1320 1429 1457 1459 senatu
1484 1428 1526 1459 ut

203 1488 336 1527 omnia
366 1488 468 1525 illius
497 1487 644 1526 ordinis
674 1489 853 1525 consulta
882 1491 1032 1539 γενικῶς
1062 1487 1238 1524 laudaret
1267 1485 1452 1535 mihique,
1484 1493 1526 1523 ut

200 1553 366 1599 adsedit,
390 1552 485 1590 dixit
517 1566 558 1590 se
589 1560 725 1602 putare
755 1552 846 1590 satis
875 1553 925 1590 ab
958 1566 998 1590 se
1029 1551 1147 1589 etiam
1177 1551 1251 1588 ‘de
1281 1550 1361 1588 istis
1389 1550 1526 1587 rebus'

201 1631 286 1656 esse
302 1631 543 1667 responsum.
589 1618 762 1663 Crassus,
782 1625 919 1666 postea
940 1630 1058 1666 quarn
1080 1615 1177 1653 vidit
1198 1615 1307 1652 illum
1328 1614 1526 1664 excepisse
1547 1623 1571 1660 3

200 1684 357 1721 laudem
374 1696 420 1720 ex
436 1695 483 1720 eo
500 1682 608 1731 quod
623 1681 712 1721 †hi†
727 1681 1016 1731 suspicarentur
1032 1680 1213 1718 homines
1229 1679 1264 1717 ei
1278 1680 1528 1717 consulatum

201 1760 333 1785 meum
367 1747 533 1796 placere,
565 1745 725 1784 surrexit
760 1745 1085 1794 ornatissimeque
1116 1745 1167 1782 de
1199 1757 1288 1782 meo
1320 1745 1526 1782 consulatu

163 1824 178 1854 .·
201 1812 353 1850 locutus
383 1818 452 1858 est,
484 1818 526 1848 ut
557 1810 610 1848 ita
644 1810 804 1857 diceret,
838 1814 900 1848 ‘se
935 1811 1043 1859 quod
1078 1816 1180 1847 esset
1214 1816 1378 1854 senator,
1416 1809 1524 1858 quod

200 1875 305 1922 civis,
327 1876 435 1925 quod
456 1874 566 1922 liber,
587 1876 695 1924 quod
716 1874 870 1920 viveret,
895 1874 990 1911 mihi
1010 1881 1217 1923 acceptum
1238 1874 1376 1911 referre
1391 1887 1400 1920 3
1430 1886 1524 1922 quo-

199 1940 298 1978 tiens
320 1939 542 1988 coniugem,
563 1939 745 1989 quotiens
767 1940 945 1985 domum,
966 1938 1149 1988 quotiens
1176 1938 1340 1988 patriam
1361 1937 1522 1985 videret,

199 2005 341 2043 totiens
370 2018 412 2043 se
441 2003 678 2042 beneficium
706 2016 837 2041 meum
869 2002 1024 2041 videre.'
1081 2001 1190 2050 Quid
1217 2003 1367 2039 multa?
1396 2008 1522 2039 totum

199 2071 304 2107 hunc
335 2070 467 2107 locum
500 2082 619 2118 quem
652 2081 724 2117 ego
751 2067 854 2105 varie
882 2067 978 2105 meis
1008 2066 1265 2114 orationibus,
1289 2079 1453 2116 quarum
1481 2072 1522 2103 tu

242 2182 261 2209 4
286 2171 332 2201 ita
349 2174 408 2200 Es:
433 2181 496 2201 om.
516 2170 558 2199 M
643 2170 718 2200 huic
735 2170 791 2200 vix
808 2174 836 2199 Δ
853 2180 859 2199 :
882 2169 937 2198 vix
954 2169 1029 2199 huic
1048 2171 1072 2199 Σ
1222 2178 1258 2197 12
1283 2168 1475 2207 placeretne
1492 2168 1523 2198 ei

200 2218 267 2245 vett.
287 2226 294 2244 ι
318 2214 467 2252 placeret
485 2223 546 2243 nec
565 2212 621 2243 M:
648 2213 842 2252 placeretne
859 2213 943 2242 Rav.
1053 2213 1091 2241 16
1115 2212 1290 2242 maximam
1309 2212 1393 2241 Rav.
1410 2211 1498 2251 vulg.
1517 2223 1524 2242 2

200 2259 279 2288 -ime
297 2257 357 2287 M:
381 2257 452 2286 -imi
470 2255 490 2285 I
630 2266 667 2286 21
694 2257 736 2286 de
764 2256 837 2286 istis
865 2256 925 2286 M:
961 2256 1106 2293 demptis
1133 2255 1161 2285 C
1184 2256 1279 2293 (sort.
1296 2266 1335 2284 ex
1354 2255 1395 2284 de
1422 2254 1523 2295 meis)

199 2311 250 2333 22.
264 2310 303 2338 23
322 2300 488 2330 excidisse
502 2299 599 2330 laude
611 2298 731 2329 Muller
803 2309 843 2337 23
863 2299 896 2328 hi
910 2298 967 2330 del.
981 2298 1049 2329 edd.
1063 2298 1201 2337 quidam
1218 2310 1224 2328 :
1245 2299 1292 2328 sic
1304 2298 1377 2328 coni,
1398 2297 1522 2327 ll'esen-

198 2345 291 2383 berg:
316 2343 393 2373 hinc
413 2343 603 2373 Goveanus:
627 2343 736 2373 minus
753 2341 873 2373 Miiller
988 2351 1030 2381 25
1053 2348 1088 2372 ut
1105 2341 1165 2383 ita]
1185 2342 1230 2372 ita
1246 2346 1281 2372 ut
1297 2341 1374 2372 coni.
1398 2340 1522 2371 Wcsm-

199 2388 290 2427 bmg:
316 2397 390 2417 cum
407 2387 453 2416 ita
471 2385 594 2416 Mz'a'ller

242 2452 304 2474 εις.
325 2452 371 2472 An
387 2451 460 2472 ΛΠ.
1415 2439 1435 2468 2
