1817 2832
164 145 232 183 IV.
254 143 298 181 iii
607 143 663 180 M.
696 140 865 179 TVLLI
896 138 1203 181 CICERONIS

239 268 337 294 mus.
417 252 525 303 Quid
564 251 703 290 consili
742 251 792 289 de
832 249 941 289 omni
979 257 1114 288 nostro
1152 257 1254 288 statu
1293 249 1493 301 capiamus
1532 257 1570 289 te

238 319 402 357 absente
433 316 643 355 nescimus.
704 317 794 364 Qua
824 329 864 353 re
893 315 1124 365 adpropera.

280 457 344 492 IV
567 458 637 490 Scr.
656 458 789 489 Romae
803 457 842 488 iii>
853 458 896 489 K.
913 457 1002 488 Febr.
1021 468 1051 488 a.
1073 458 1138 497 698
1155 457 1241 498 (56).

646 529 817 562 CICERO
840 529 1022 560 ATTICO
1045 527 1151 560 SAL.

294 603 567 643 Periucundus
597 602 694 640 mihi
726 601 887 642 Cincius
913 601 985 640 fuit
1013 608 1104 639 ante
1132 600 1238 639 diem
1264 612 1310 637 111
1341 600 1429 638 Kal.
1455 600 1567 639 Febr.
1588 612 1606 644 5

238 677 330 707 ante
354 670 483 706 lucem
498 683 508 716 3
538 667 635 706 dixit
659 666 765 705 enim
793 666 889 704 mihi
910 673 948 704 te
969 679 1054 704 esse
1075 665 1114 703 in
1137 664 1250 703 Italia
1276 677 1441 714 seseque
1461 665 1512 702 ad
1533 671 1571 702 te

240 747 383 784 pueros
404 733 568 772 mittere.
629 734 741 781 Quos
763 731 847 769 sine
878 730 974 769 meis
1001 730 1137 768 litteris
1165 730 1219 768 ire
1246 728 1365 776 nolui,
1390 742 1470 767 non
1492 742 1572 778 quo

240 800 428 838 haberem
458 799 567 848 quod
597 796 682 845 tibi,
712 795 939 846 praesertim
979 795 1056 833 iam
1095 808 1217 844 prope
1247 793 1452 844 praesenti,
1486 793 1574 831 scri«-

240 864 374 903 berem
397 864 466 902 sed
487 871 529 901 ut
549 864 626 901 hoc
653 862 782 912 ipsum
807 860 1079 911 significarem,
1102 860 1197 898 mihi
1225 867 1335 898 tuum
1357 860 1572 897 adventum

242 929 517 968 suavissimum
552 926 1013 977 exspectatissimumque
1034 939 1129 964 esse.
1190 926 1280 974 Qua
1300 938 1341 963 re
1360 925 1502 963 advola
1521 924 1573 962 ad
1594 938 1634 961 10

242 1008 314 1033 nos
335 1007 383 1033 eo
403 993 537 1032 animo
565 1001 607 1031 ut
634 1006 706 1031 nos
736 1006 854 1039 ames,
886 999 923 1030 te
949 991 1071 1029 amari
1098 990 1208 1029 scias.
1269 991 1411 1030 Cetera
1440 1003 1573 1028 coram

241 1073 414 1109 agemus.
476 1061 590 1097 Haec
622 1065 876 1108 properantes
907 1056 1143 1108 scripsimus.
1206 1057 1298 1105 Quo
1330 1055 1394 1095 die
1427 1054 1571 1102 venies,

242 1125 379 1175 utique
396 1138 486 1163 cum
508 1124 584 1163 tuis
603 1124 711 1174 apud
732 1137 795 1162 me
816 1122 880 1161 sis.

284 1259 380 1294 IVa
479 1260 551 1293 Ser.
568 1260 603 1292 in
619 1259 754 1291 Antiati
768 1270 812 1292 m.
831 1258 865 1290 A
865 1264 917 1300 pr.
937 1263 997 1290 aut
1012 1258 1093 1290 Mai.
1113 1269 1144 1290 a.
1165 1258 1231 1300 598
1248 1259 1335 1300 (56).

652 1331 823 1363 CICERO
847 1330 1028 1362 ATTICO
1051 1329 1158 1362 SAL.
1595 1332 1633 1363 15

206 1419 223 1447 1
298 1407 476 1445 Perbelle
510 1404 646 1443 feceris
681 1404 713 1443 si
744 1405 795 1442 ad
827 1417 900 1441 nos
933 1402 1095 1442 veneris.
1168 1403 1359 1442 Offendes
1398 1400 1575 1452 designa-

242 1471 391 1510 tionem
417 1469 682 1520 Tyrannionis
707 1468 912 1506 mirificam
943 1467 982 1505 in
1013 1468 1201 1507 librorum
1229 1480 1408 1506 meorum
1436 1465 1575 1505 biblio-

243 1537 368 1582 theca,
393 1548 561 1585 quorum
582 1533 769 1583 reliquiae
786 1534 910 1571 multo
928 1532 1108 1571 meliores
1130 1540 1220 1571 sunt
1241 1545 1359 1582 quam
1381 1539 1570 1581 putaram.

244 1603 295 1639 Et
324 1600 441 1638 velim
473 1599 569 1637 mihi
599 1598 730 1636 mittas
759 1599 810 1636 de
839 1597 915 1635 tuis
946 1597 1150 1635 librariolis
1180 1598 1280 1635 duos
1304 1596 1457 1645 aliquos
1487 1594 1572 1645 qui-

243 1666 318 1704 bus
351 1664 552 1714 Tyrannio
577 1671 707 1701 utatur
733 1661 1046 1712 glutinatoribuS‚
1079 1663 1130 1700 ad
1161 1669 1290 1700 cetera
1320 1660 1569 1706 administris,
1595 1676 1633 1697 20

243 1730 370 1781 iisque
387 1730 553 1780 imperes
574 1736 616 1767 ut
637 1736 794 1767 sumant
811 1728 1123 1766 membranulam
1140 1742 1186 1766 ex
1203 1740 1280 1776 qua
1295 1726 1445 1765 indices
1467 1727 1571 1771 fiant,

202 1806 227 1834 2
245 1809 344 1846 quos
366 1809 434 1834 vos
456 1794 606 1841 Graeci,
631 1801 673 1831 ut
694 1793 845 1843 opinor,
870 1795 1080 1842 σιλλῦβους
1099 1791 1313 1842 appellatis.
1365 1793 1443 1830 Sed
1464 1792 1572 1837 haec,

245 1860 277 1898 si
311 1859 381 1897 tibi
416 1858 486 1897 erit
525 1859 795 1896 commodum.
858 1858 949 1907 Ipse
981 1870 1072 1895 vero
1104 1855 1240 1905 utique
1272 1857 1331 1893 fac
1365 1854 1509 1901 venias,
1544 1854 1575 1892 si

244 1932 357 1976 potes
392 1924 432 1962 in
466 1923 526 1961 his
558 1922 654 1961 locis
686 1924 967 1961 adhaerescere
1000 1928 1038 1960 et
1074 1920 1211 1959 Piliam
1245 1921 1453 1958 adducere.
1515 1920 1576 1956 Ita

244 1988 350 2028 enim
372 1996 409 2027 et
429 2002 601 2038 aequum
629 1995 687 2026 est
714 1995 752 2026 et
779 1986 888 2037 cupit
917 1986 1057 2024 Tullia.
1119 1985 1278 2023 Medius
1309 1984 1424 2022 fidius
1454 1998 1504 2022 ne
1534 1991 1576 2021 tu
1598 1999 1635 2032 ²5

245 2053 373 2093 emisti
402 2054 519 2105 λόχον
548 2054 802 2103 praeclarum.
863 2051 1110 2089 Gladiatores
1134 2049 1253 2088 audio
1274 2062 1447 2099 pugnare
1477 2047 1578 2086 miri-

292 2168 330 2197 13
354 2156 488 2197 utique]
522 2157 637 2196 utique
670 2155 721 2186 sac
754 2155 886 2186 Baiter:
934 2153 1035 2184 velim
1069 2154 1184 2192 utique
1221 2152 1417 2193 [Wesenberg.
1452 2152 1509 2183 sed
1537 2151 1573 2192 cf

246 2201 457 2232 Heidemann
470 2201 536 2231 ‘De
551 2200 707 2231 Ciceronis
718 2199 750 2229 in
764 2204 830 2239 epp.
846 2198 1016 2229 verborum
1029 2198 1147 2237 ellipsis
1163 2197 1239 2227 nsu‘
1250 2201 1304 2236 pp.
1316 2197 1425 2236 93—98
1513 2196 1576 2237 sis]

248 2246 315 2276 cris
331 2245 460 2276 Striller
559 2255 596 2283 14
621 2244 723 2274 Hauc
737 2246 764 2273 et
778 2246 960 2282 sequentem
973 2246 1017 2281 ep.
1038 2252 1083 2271 ex.
1105 2252 1149 2271 m.
1170 2241 1257 2271 Febr.
1279 2242 1327 2270 vel
1341 2241 1384 2270 in.
1407 2250 1451 2270 m.
1474 2239 1575 2271 Murt-

247 2289 382 2329 scrz'plas
398 2299 461 2319 esse
473 2292 571 2328 putat
586 2288 752 2317 Koerner:
780 2296 839 2316 nos
854 2285 1028 2325 sequimur
1041 2284 1260 2314 Hildeln‘andt
1274 2287 1302 2313 et
1327 2283 1367 2313 M
1368 2283 1450 2314 iiller
1540 2294 1549 2312 r
1560 2293 1575 2321 7

248 2333 281 2362 in
300 2333 458 2362 librorum
487 2331 564 2361 M¹:
599 2341 664 2362 om.
694 2330 727 2359 in
755 2328 806 2358 M2
912 2328 1115 2358 bibliotheca
1142 2327 1216 2357 M¹:
1243 2327 1480 2357 bibliothecam
1504 2325 1576 2356 Ns:

247 2386 312 2406 om.
342 2379 365 2407 Σ
388 2380 516 2415 praescr
537 2373 572 2404 N
679 2380 736 2412 '19
760 2372 803 2402 Et
824 2375 868 2403 2:
895 2372 996 2401 etiam
1015 2376 1042 2401 Δ
1143 2382 1183 2410 24
1208 2372 1315 2402 adduc
1335 2370 1436 2401 Orelli
1536 2371 1578 2399 26

246 2419 350 2459 λόχον
366 2419 488 2449 Rosius
504 2429 510 2449 :
536 2417 645 2447 locum
663 2416 721 2447 M:
747 2415 863 2446 ludum
879 2415 1010 2446 Ernesti
