1790 2837
647 118 759 156 EPP.
792 119 869 156 AD
898 118 1167 158 ATTICVM*
1559 121 1676 159 11.vi

230 234 356 265 statue
370 226 465 277 quid
479 227 704 267 faciendum
726 229 784 267 sit.
826 229 946 268 Aliud
968 229 1093 280 quid?
1138 229 1280 269 Etiam.
1324 230 1497 279 Quando
1518 238 1556 270 te

229 291 423 342 proficisci
445 292 560 331 istinc
580 301 694 343 putes
716 295 776 332 fac
796 302 839 332 ut
860 294 991 333 sciam.

269 421 361 456 VII
548 425 619 458 Ser.
637 426 725 457 Anti
739 426 844 457 medio
861 438 904 458 m.
926 427 1010 467 Apr.
1032 437 1061 458 α.
1084 427 1143 468 695
1159 427 1240 470 (J9).

640 513 816 545 CICERO
849 513 1020 545 ATTICO
1054 514 1149 546 SAL.

189 611 206 643 5
280 603 342 640 De
371 601 607 652 geographia
640 601 757 639 etiam
787 609 905 651 atque
935 602 1052 640 etiam
1082 603 1400 642 deliberabimus.
1461 605 1552 643 Ora·
1573 617 1589 643 1

225 666 352 705 tiones
386 675 517 704 autem
551 680 574 704 a
608 680 671 704 me
705 668 803 705 duas
837 669 1011 716 postulas
1030 682 1038 714 3
1079 681 1244 717 quarum
1275 671 1435 707 alteram
1470 683 1550 707 non

224 731 372 770 libebat
402 731 497 768 mihi
528 731 696 769 scribere
718 731 809 781 †qui
829 731 1059 779 absciram†‚
1079 733 1254 779 alteram,
1274 747 1324 771 ne
1351 734 1552 772 laudarem

224 810 314 834 eum
340 810 458 845 quem
480 809 560 834 non
581 796 773 833 amabam.
835 798 912 834 Sed
940 796 979 834 id
1004 810 1163 846 quoque
1184 797 1415 835 videbimus.
1476 800 1553 836 De-

224 860 343 910 nique
363 860 511 910 aliquid
533 860 709 907 exstabit,
732 874 782 898 ne
803 860 873 898 tibi
894 862 1009 910 plane
1031 874 1201 899 cessasse
1222 861 1434 900 videamur.

167 941 205 963 10
280 927 342 963 De
372 925 514 963 Publio
543 939 644 974 quae
670 926 720 963 ad
746 939 809 963 me
837 925 971 963 scribis
996 939 1090 964 sane
1119 926 1215 963 mihi
1245 926 1417 965 iucunda
1446 934 1545 973 sunt,
1570 934 1594 962 2

223 1003 348 1039 eaque
367 990 485 1028 etiam
507 990 623 1027 velim
645 990 830 1028 omnibus
851 990 1020 1040 vestigiis
1042 990 1223 1041 indagata
1243 992 1293 1029 ad
1314 1005 1376 1030 me
1397 993 1549 1030 adferas

222 1068 314 1092 cum
335 1054 478 1099 venies,
503 1062 541 1092 et
562 1054 709 1092 interea
734 1055 879 1092 scribas
900 1055 931 1092 si
952 1055 1048 1104 quid
1073 1055 1273 1105 intelleges
1294 1064 1360 1094 aut
1381 1056 1550 1106 suspica-

222 1120 327 1166 bere,
357 1126 395 1156 et
425 1118 594 1156 maxime
624 1120 674 1157 de
704 1119 898 1168 legatione
928 1119 1023 1169 quid
1050 1119 1098 1157 sit
1123 1128 1290 1158 acturus.
1351 1120 1548 1170 Equidem

219 1191 312 1221 ante
326 1196 444 1232 quam
459 1190 544 1221 tuas
567 1183 641 1232 legi
659 1183 813 1230 litteras,
833 1183 922 1223 †in†
944 1184 1146 1222 hominem
1163 1184 1216 1222 ire
1233 1185 1454 1234 cupiebam,
1467 1199 1548 1224 non

163 1265 199 1296 15
222 1261 285 1286 me
303 1249 461 1286 hercule
482 1256 523 1286 ut
540 1248 734 1286 differrem
757 1262 845 1286 cum
864 1262 911 1287 eo
932 1248 1202 1287 vadimonium
1221 1250 1327 1299 (nam
1346 1250 1441 1288 mira
1460 1264 1547 1288 sum

221 1313 419 1351 alacritate
446 1314 497 1350 ad
525 1312 785 1362 litigandum),
810 1314 879 1351 sed
907 1313 1112 1351 videbatur
1136 1313 1242 1360 mihi,
1267 1313 1297 1351 si
1325 1314 1421 1364 quid
1447 1323 1549 1353 esset

220 1377 260 1415 in
289 1392 328 1415 eo
357 1379 544 1427 populare
584 1379 691 1427 quod
727 1377 904 1427 plebeius
943 1379 1067 1416 factus
1101 1386 1216 1425 esset,
1250 1378 1290 1417 id
1323 1379 1544 1417 amissurus.

219 1445 228 1462 ‘
245 1442 353 1491 Quid
382 1442 519 1481 enim?
547 1444 597 1480 ad
625 1443 783 1492 plebem
809 1442 977 1481 transisti
1005 1451 1047 1481 ut
1073 1443 1284 1493 Tigranem
1311 1443 1384 1482 ires
1411 1446 1548 1482 saluta-

218 1510 335 1547 tum?
392 1510 515 1546 Narra
545 1508 651 1554 mihi,
676 1522 783 1558 reges
814 1508 991 1546 Armenii
1015 1508 1198 1558 patricios
1229 1510 1436 1547 resalutare
1465 1523 1546 1548 non

160 1591 200 1613 20
219 1575 345 1612 solent
361 1574 400 1611 ?'
460 1572 568 1621 Quid
590 1572 772 1622 quaeris?
801 1586 982 1611 acueram
1004 1586 1060 1610 me
1079 1574 1129 1611 ad
1151 1573 1422 1623 exagitandam
1443 1575 1546 1612 hanc

217 1639 300 1677 eius
321 1638 568 1688 legationem.
631 1639 761 1686 Quam
788 1637 819 1675 si
844 1637 908 1675 ille
935 1637 1162 1684 contemnit,
1193 1645 1231 1676 et
1261 1638 1305 1685 si,
1325 1646 1367 1675 ut
1396 1638 1542 1685 scribis,

217 1703 337 1742 bilem
359 1703 399 1741 id
421 1710 646 1741 commovet
669 1710 706 1741 et
727 1703 915 1741 latoribus
936 1710 975 1740 et
995 1702 1220 1752 auspicibus
1246 1702 1340 1752 legis
1362 1702 1540 1750 curiatae,

217 1771 485 1819 spectaculum
517 1768 725 1819 egregium.
788 1770 963 1806 Hercule
983 1781 1116 1806 verum
1145 1776 1186 1806 ut
1216 1769 1433 1817 loquamur,
1456 1769 1543 1807 sub-
1562 1775 1586 1812 3

215 1834 500 1872 contumeliose
540 1841 724 1871 tractatur
764 1841 895 1871 noster
930 1833 1104 1877 Publius,
1138 1832 1307 1882 primum
1337 1832 1418 1882 qui,
1451 1846 1540 1870 cum

157 1914 196 1945 25
215 1899 324 1938 domi
356 1899 532 1939 Caesaris
561 1900 764 1948 quondam
789 1912 890 1936 unus
914 1897 971 1934 vir
993 1897 1115 1943 fuerit,
1139 1911 1244 1934 nunc
1269 1911 1318 1935 ne
1347 1896 1386 1934 in
1407 1897 1541 1947 viginti

214 1965 376 2015 quidem
410 1979 494 2003 esse
526 1964 721 2014 potuerit3
762 1963 907 2001 deinde
936 1962 1011 2000 alia
1040 1962 1181 2011 legatio
1211 1962 1316 2000 dicta
1345 1970 1438 2009 erat,
1466 1963 1541 2001 alia

214 2031 305 2068 data
344 2037 411 2068 est.
473 2031 546 2067 Illa
585 2029 717 2079 opima
755 2030 806 2066 ad
845 2028 1054 2077 exigendas
1093 2026 1279 2077 pecunias
1321 2029 1463 2074 Druso,
1498 2036 1539 2065 ut

213 2094 365 2143 opinor,
406 2094 626 2133 Pisaurensi
668 2108 718 2131 an
764 2093 923 2143 epuloni
961 2092 1120 2130 Vatinio
1157 2100 1395 2140 reservatur,
1441 2093 1538 2130 haec

255 2198 276 2226 6
300 2208 317 2227 a
338 2197 421 2227 Cras.
442 2208 448 2228 :
482 2207 547 2228 om.
578 2196 620 2227 M
775 2208 790 2236 7
814 2197 891 2237 quia
916 2197 1124 2227 abscideram
1148 2196 1261 2236 vulg:
1294 2197 1371 2235 quia
1396 2195 1537 2226 obscura

212 2245 284 2270 erat
311 2240 468 2280 Madmjg:
516 2240 592 2279 quia
617 2251 636 2271 a
664 2250 718 2271 me
745 2242 929 2271 descieram
958 2242 1036 2271 coni.
1072 2240 1210 2279 Tyrrcll:
1248 2240 1325 2278 quia
1358 2240 1535 2269 oscitaram

214 2283 338 2314 Gru-litt
449 2295 487 2323 14
513 2285 546 2314 in
564 2285 621 2316 del.
640 2284 758 2314 Lamb.
774 2295 781 2314 t
807 2285 895 2314 istim
913 2284 1090 2314 Graevius:
1117 2294 1198 2314 sane
1216 2283 1364 2319 Kayser:
1393 2284 1425 2312 in
1446 2283 1534 2321 lega-

212 2326 339 2356 tionem
357 2326 480 2356 ]Wz‘iller
569 2337 604 2366 17
630 2338 670 2357 eo
687 2327 762 2357 add.
784 2327 871 2366 vulg.
975 2337 1012 2366 19
1037 2327 1222 2358 resalutare
1241 2327 1294 2359 ΕΣ
1310 2338 1316 2358 :
1339 2327 1488 2358 salutare
1506 2331 1533 2356 Δ

210 2380 253 2400 20
277 2380 329 2401 me
346 2370 421 2400 add.
442 2370 528 2410 vulg.
662 2380 703 2409 25
729 2370 818 2401 domi
838 2370 879 2402 C:
906 2371 940 2401 in
959 2372 1056 2401 domo
1073 2370 1115 2401 M
