1790 2837
74 125 152 162 ΙΙΙ.
172 124 248 161 xiii
544 123 601 160 M.
633 121 802 159 TVLLI
834 119 1141 159 CICERONIS

173 236 306 286 quoad
331 233 479 284 aliquid
503 234 554 271 ad
581 246 643 270 me
663 232 713 270 de
739 245 786 270 6ο
813 230 1015 278 scriberes,
1036 230 1144 279 quod
1165 228 1349 280 proximis
1371 228 1506 267 litteris

173 300 380 350 scripseras
415 301 495 337 fore
526 297 581 336 uti
616 297 837 336 secundum
867 294 1027 334 comitia
1064 294 1212 344 aliquid
1243 296 1292 333 de
1322 294 1438 333 nobis
1468 294 1507 332 in

174 372 312 404 senatu
346 372 548 415 ageretur3
592 362 632 401 id
667 361 738 401 tibi
771 360 1006 411 Pompeium
1041 359 1195 398 dixisse.
1261 361 1351 409 Qua
1384 361 1434 398 de
1469 373 1508 397 re

175 429 364 480 quoniam
400 428 560 467 comitia
594 427 730 466 habita
763 433 853 465 sunt
882 433 1004 475 tuque
1036 424 1133 462 nihil
1167 425 1219 463 ad
1257 438 1320 463 me
1359 424 1506 471 scribis,

175 495 342 546 proinde
383 494 541 532 habebo
581 507 627 531 ac
670 492 702 531 si
743 489 961 541 scripsisses
1006 489 1102 527 nihil
1146 502 1231 528 esse
1279 503 1408 539 neque
1455 503 1547 534 ⁷⁷265

177 559 363 610 temporis
399 573 480 597 non
514 557 719 608 longinqui
755 570 824 607 spe
858 557 1022 594 ductum
1057 568 1142 593 esse
1177 556 1341 593 moleste
1375 556 1507 593 feram.

179 627 311 674 Quem
342 632 475 662 autem
511 632 662 661 motum
694 630 732 661 te
762 621 893 660 videre
926 620 1133 670 scripseras
1164 619 1231 669 qui
1263 619 1377 658 nobis
1408 618 1511 657 utilis

179 692 260 729 fore
286 689 494 737 videretur,
519 702 609 727 eum
640 687 822 726 nuntiant
849 685 917 736 qui
943 684 1105 723 veniunt
1129 686 1280 722 nullum
1311 686 1402 722 fore.
1464 685 1512 721 In

179 755 344 794 tribunis
366 756 416 805 pl.
435 753 648 804 designatis
670 752 819 802 reliqua
840 765 928 802 spes
949 758 1016 789 est.
1070 750 1203 798 Quam
1224 749 1255 787 si
1271 757 1510 799 exspectaro,

180 835 260 859 non
293 820 363 859 erit
395 821 504 870 quod
535 827 649 870 putes
685 831 748 856 me
783 830 924 855 causae
959 829 1081 862 meae,
1113 814 1304 853 voluntati
1333 827 1511 853 meorum
1535 827 1572 850 10

180 886 361 925 defuisse.

138 959 162 987 2
236 951 357 1000 Quod
393 964 456 989 me
496 962 613 999 saepe
647 961 808 986 accusas
848 960 916 985 cur
949 946 1056 984 hunc
1095 958 1228 983 meum
1263 958 1397 983 casum
1433 951 1514 982 tam

179 1016 344 1066 graviter
381 1017 513 1062 feram,
561 1014 683 1052 debes
727 1013 943 1063 ignoscere,
982 1024 1073 1049 cum
1114 1010 1167 1048 ita
1207 1024 1270 1048 me
1310 1009 1513 1048 adflictum

179 1081 312 1119 videas
334 1088 375 1118 ut
393 1080 592 1119 neminem
615 1091 803 1128 umquam
826 1090 899 1115 nec
921 1075 1061 1114 videris
1083 1089 1157 1114 nec
1178 1074 1357 1114 audieris.
1410 1075 1514 1112 Nam

180 1148 288 1197 quod
319 1146 454 1184 scribis
487 1153 524 1183 te
558 1144 693 1183 audire
729 1157 791 1182 me
824 1142 941 1181 etiam
972 1140 1114 1179 mentis
1145 1154 1272 1179 errore
1302 1153 1348 1178 ex
1378 1140 1514 1177 dolore
1537 1153 1573 1185 15

179 1211 308 1258 adfici,
333 1210 429 1248 mihi
457 1223 549 1248 vero
578 1222 690 1247 mens
721 1208 869 1258 integra
897 1214 965 1245 est.
1025 1207 1157 1256 Atque
1188 1205 1338 1243 utinam
1367 1212 1447 1242 tam
1475 1203 1515 1241 in

180 1276 354 1327 periculo
376 1275 534 1314 fuisset!
565 1288 655 1313 cum
681 1287 753 1324 ego
782 1273 826 1311 iis
854 1272 997 1322 quibus
1025 1285 1153 1309 meam
1179 1272 1345 1308 salutem
1370 1268 1516 1307 carissi-

183 1355 287 1379 mam
332 1355 417 1379 esse
456 1339 670 1378 arbitrabar
708 1336 987 1376 inimicissimis
1027 1335 1386 1385 crudelissimisque
1422 1348 1516 1373 usus

182 1420 297 1454 sum3
344 1405 425 1456 qui,
459 1413 501 1443 ut
541 1418 604 1443 me
642 1405 805 1454 paulum
845 1401 1021 1440 inclinari
1060 1401 1200 1439 timore
1233 1400 1424 1447 viderunt,
1461 1399 1515 1438 sic

182 1471 421 1522 impulerunt
449 1478 491 1509 ut
518 1469 627 1509 omni
657 1483 728 1508 suo
756 1470 901 1507 scelere
929 1474 966 1506 et
991 1466 1155 1518 perfidia
1184 1467 1438 1505 abuterentur
1464 1466 1514 1504 ad
1538 1480 1578 1502 20

181 1536 342 1575 exitium
366 1550 508 1575 meum.
561 1536 679 1573 Nunc
696 1533 884 1584 quoniam
907 1540 964 1570 est
981 1531 1167 1582 Cyzicum
1189 1531 1304 1569 nobis
1326 1532 1516 1578 eundum,

182 1615 262 1651 quo
289 1601 409 1639 rarius
436 1602 486 1639 ad
515 1614 577 1638 me
605 1599 754 1637 litterae
781 1599 1034 1648 perferentur,
1056 1598 1132 1635 hoc
1152 1596 1269 1635 velim
1291 1596 1516 1646 diligentius

182 1666 315 1705 onmia
332 1679 432 1716 quae
450 1664 595 1715 putaris
617 1677 680 1702 me
701 1662 798 1701 scire
820 1676 918 1712 opus
940 1675 1025 1700 esse
1042 1661 1268 1711 perscribas.
1322 1661 1516 1710 Quintum

182 1733 337 1770 fratrem
370 1743 502 1768 meum
533 1730 592 1767 fac
623 1728 786 1778 diligas;
824 1741 942 1777 quem
970 1740 1042 1776 ego
1074 1726 1189 1765 miser
1217 1726 1247 1764 si
1276 1725 1516 1763 incolumem

183 1797 374 1847 relinquo,
409 1809 490 1834 non
526 1809 589 1834 me
624 1802 750 1834 totum
784 1793 929 1845 perisse
964 1793 1190 1831 arbitrabor.
1252 1794 1355 1830 Data
1390 1790 1517 1829 Nonis
1541 1803 1578 1835 25

184 1862 406 1901 Sextilibus.

229 1982 338 2017 XIV
447 1983 515 2016 Scr.
542 1983 783 2014 Thessalonicae
797 1982 847 2013 xii
861 1982 902 2013 K.
924 1981 1011 2013 Sext.
1027 1992 1056 2012 a.
1080 1981 1143 2021 696
1161 1981 1173 2023 (
1181 1980 1250 2020 58).

603 2060 779 2092 CICERO
805 2059 978 2091 ATTICO
1006 2059 1102 2090 SAL.

149 2154 165 2179 1
240 2144 298 2180 Ex
332 2140 407 2179 tuis
446 2139 581 2178 litteris
616 2141 755 2189 plenus
795 2152 882 2176 sum
918 2136 1209 2187 exspectatione
1244 2137 1293 2174 de
1327 2133 1519 2184 Pompeio

185 2207 375 2258 quidnam
403 2207 453 2244 de
480 2205 595 2243 nobis
620 2204 712 2243 velit
736 2212 802 2242 aut
827 2204 1019 2241 ostendat.
1081 2201 1252 2241 Comitia
1273 2200 1377 2239 enim
1400 2199 1518 2237 credo
1540 2212 1580 2243 30

229 2321 248 2350 5
274 2321 384 2349 neque
403 2320 456 2340 me
471 2307 684 2349 Erneslt'(me
698 2310 774 2347 post
786 2307 920 2337 ductum
935 2305 1010 2337 add.
1026 2305 1169 2343 Baiter&
1193 2314 1313 2344 meque
1325 2302 1366 2333 M
1381 2302 1518 2343 Tym‘cll:

188 2365 299 2393 neque
318 2353 509 2393 Mczlaspina
645 2353 666 2381 6
690 2355 764 2381 ante
782 2351 923 2381 moleste
942 2349 1018 2381 add.
1040 2360 1107 2380 non
1130 2348 1252 2388 Tyrrell
1387 2357 1424 2386 14
1445 2349 1521 2387 post

187 2398 337 2429 audieris
357 2397 434 2428 add.
453 2397 560 2435 magis
583 2394 771 2435 lVesenLetg
