1790 2837
622 488 794 526 LIBER
822 487 1064 530 TERTIVS

611 609 712 657 AD
764 607 1103 655 ATTICVM

233 740 260 780 1
371 743 442 777 Ser.
457 741 661 784 proficiscens
675 741 708 773 in
727 741 878 773 exsilium
895 741 942 772 in.
961 751 1006 773 m.
1025 740 1109 782 Apr.
1130 750 1160 772 α.
1182 739 1247 781 696
1265 739 1351 783 (58).

606 829 782 861 CICERO
808 828 981 860 ATTICO
1007 827 1108 860 SAL.

245 922 341 961 CVM
373 928 490 960 antea
520 919 689 958 maxime
721 925 855 957 nostra
884 917 1073 956 interesse
1109 916 1325 956 arbitrabar
1361 925 1400 956 te
1438 930 1524 956 esse

188 986 408 1032 nobiscum,
432 993 515 1024 tum
536 997 640 1031 vero,
663 991 705 1022 ut
732 982 807 1033 legi
837 982 1093 1033 rogationem,
1115 981 1288 1020 intellexi
1316 983 1367 1021 ad
1392 981 1463 1020 iter
1482 981 1523 1020 id

189 1054 298 1102 quod
325 1050 511 1090 constitui
531 1049 629 1088 nihil
659 1049 754 1087 mihi
776 1049 949 1099 optatius
977 1050 1118 1088 cadere
1137 1061 1254 1099 posse
1275 1061 1394 1098 quam
1415 1055 1457 1086 ut
1482 1055 1523 1086 tu
1544 1065 1560 1096 5

191 1131 254 1156 me
275 1131 393 1167 quam
420 1116 590 1167 primurn
621 1129 917 1165 consequerere,
941 1122 994 1161 ut,
1018 1128 1110 1153 cum
1139 1128 1187 1152 ex
1217 1113 1331 1152 Italia
1359 1113 1525 1164 profecti

191 1195 378 1229 essemus,
401 1182 480 1220 sive
501 1195 569 1232 per
591 1180 755 1231 Epirum
776 1180 847 1218 iter
869 1187 971 1218 esset
999 1179 1236 1225 faciendum,
1260 1186 1329 1217 tuo
1353 1186 1525 1217 tuorum-

191 1262 268 1298 que
305 1247 502 1298 praesidio
540 1254 748 1294 uteremur,
783 1246 864 1284 sive
897 1245 1005 1284 aliud
1040 1244 1138 1295 quid
1170 1245 1370 1295 agendum
1409 1251 1522 1291 esset,

191 1321 341 1352 certum
361 1312 570 1351 consilium
591 1313 641 1350 de
663 1319 730 1349 tua
750 1311 946 1349 sententia
965 1324 1104 1360 capere
1125 1322 1342 1360 possemus
1393 1310 1525 1357 Quam

191 1379 244 1417 ob
265 1391 346 1417 rem
368 1385 406 1416 te
426 1391 495 1416 oro
519 1378 589 1415 des
616 1389 776 1427 operam
801 1383 843 1414 ut
870 1389 934 1414 me
961 1374 1092 1413 statim
1119 1387 1362 1423 consequare
1376 1388 1386 1421 3
1416 1374 1526 1423 quod
1549 1393 1586 1414 10

193 1457 241 1483 eo
271 1442 420 1482 facilius
450 1449 562 1493 potes
591 1441 781 1492 quoniam
809 1442 859 1479 de
884 1439 1086 1491 provincia
1112 1438 1353 1477 Macedonia
1379 1439 1526 1488 perlata

192 1510 254 1548 lex
274 1515 343 1547 est.
403 1507 584 1546 Pluribus
605 1506 732 1546 verbis
754 1513 886 1545 tecum
913 1518 1069 1556 agerem
1090 1503 1165 1543 nisi
1185 1517 1256 1555 pro
1277 1517 1340 1543 me
1360 1503 1468 1553 apud
1488 1510 1526 1542 te

193 1587 254 1613 res
274 1573 359 1624 ipsa
378 1573 613 1624 loqueretur.

239 1692 289 1728 ῙῙ
515 1693 583 1725 Scr.
600 1694 635 1724 in
648 1694 755 1725 itinere
770 1694 806 1725 vi
816 1692 865 1725 Id.
885 1692 918 1722 A
921 1697 970 1732 pr.
990 1703 1021 1725 a.
1043 1692 1109 1733 696
1126 1692 1214 1733 (58).

613 1783 788 1815 CICERO
812 1782 986 1814 ATTICO
1012 1781 1109 1814 SAL.
1550 1801 1586 1832 15

254 1872 409 1912 Itineris
438 1871 560 1912 nostri
590 1885 708 1910 causa
736 1871 808 1910 fuit
829 1872 938 1922 quod
967 1885 1048 1909 non
1076 1871 1274 1910 habebam
1301 1872 1433 1909 locum
1461 1871 1529 1909 ubi

199 1952 271 1990 pro
299 1952 391 1977 meo
418 1937 501 1976 iure
530 1936 677 1976 diutius
707 1950 793 1975 esse
819 1950 977 1987 possem
1007 1950 1126 1986 quarn
1155 1936 1195 1974 in
1226 1938 1351 1975 fundo
1381 1936 1527 1982 Siccae,

200 2003 426 2054 praesertim
442 2004 622 2042 nondum
643 2002 844 2052 rogatione
865 2009 1048 2049 correcta,
1065 2008 1103 2040 et
1124 2001 1239 2039 simul
1254 2001 1530 2051 intellegebam

200 2083 247 2108 ex
278 2081 327 2107 eo
356 2069 456 2115 loco,
488 2067 519 2106 si
549 2075 587 2106 te
619 2068 815 2113 haberem,
848 2080 965 2116 posse
996 2080 1059 2104 me
1091 2066 1345 2104 Brundisium
1378 2068 1528 2112 referre,

201 2134 286 2173 sine
309 2141 348 2173 te
373 2141 505 2172 autem
532 2147 613 2172 non
638 2147 723 2172 esse
749 2132 864 2171 nobis
894 2132 977 2169 illas
1006 2132 1125 2182 partis
1155 2133 1347 2171 tenendas
1374 2139 1533 2182 propter
1553 2149 1591 2171 20

202 2199 452 2239 Autronium.
512 2200 631 2237 Nunc
651 2206 694 2236 ut
713 2199 764 2236 ad
785 2205 823 2236 te
842 2204 959 2235 antea
977 2197 1124 2247 scripsi,
1148 2197 1178 2235 si
1199 2198 1249 2236 ad
1275 2211 1347 2235 nos
1367 2197 1529 2243 veneris,

247 2305 268 2333 6
291 2313 542 2342 consequerere
575 2301 783 2340 W'esenbeng:
817 2310 1026 2339 consequare
1050 2300 1139 2332 codd.
1297 2311 1337 2331 10
1370 2301 1460 2340 quod
1493 2311 1534 2330 eo

205 2347 292 2378 Crat.
306 2346 425 2378 Lamb.
442 2346 585 2377 Rosius:
609 2355 674 2376 om.
690 2343 777 2374 codd.
873 2354 908 2382 17
928 2345 961 2374 in
974 2345 1077 2374 fundo
1091 2348 1161 2375 vett.
1182 2355 1189 2375 ι
1214 2344 1248 2374 in
1267 2345 1406 2374 fundum
1419 2343 1506 2374 codd.
1526 2355 1534 2374 z

204 2401 270 2424 om.
290 2391 325 2422 in
345 2390 374 2423 C
458 2400 497 2431 19
521 2394 554 2420 te
573 2389 600 2421 C
610 2400 617 2420 2
642 2393 735 2421 recte
748 2386 826 2419 M22
848 2386 886 2419 de
901 2387 943 2419 M
946 2386 955 2404 ¹
981 2398 1046 2418 non
1064 2387 1160 2429 liquet
1175 2399 1183 2420 z
1206 2387 1271 2418 iter
1287 2387 1404 2418 codices
1421 2387 1509 2418 ceteri
