1817 2832
603 76 715 120 EPP.
747 83 824 119 AD
854 81 1113 120 ATTICVM
1452 78 1569 114 VIII.
1588 76 1633 112 ix

293 206 332 232 vl
365 195 453 232 Kal.
483 193 632 243 vesperi
668 194 813 231 Balbus
848 192 976 230 minor
1008 193 1058 230 ad
1090 205 1153 230 me
1183 191 1288 230 venit
1322 192 1475 229 occulta
1504 189 1610 236 via4

238 271 395 296 currens
421 260 471 296 ad
497 259 709 296 Lentulum
736 259 940 295 consulem
966 256 1085 294 missu
1108 255 1284 295 Caesaris
1306 269 1394 293 cum
1417 255 1562 301 litteris,

237 335 327 359 cum
368 322 575 369 mandatis,
607 336 697 360 cum
736 321 995 371 promissione
1034 321 1266 371 provinciae,
1310 322 1479 358 Romam
1523 327 1565 357 ut

237 387 381 424 redeat.
443 387 548 435 Quoi
578 386 801 436 persuaderi
829 400 944 436 posse
974 399 1054 424 non
1084 385 1258 431 arbitror,
1282 384 1353 422 nisi
1383 384 1452 423 erit
1477 398 1566 422 con—

202 463 219 496 5
237 459 387 489 ventus.
449 452 561 489 Idem
589 451 718 489 aiebat
742 451 838 488 nihil
870 452 985 488 malle
1012 452 1220 490 Caesarem
1245 464 1362 500 quam
1392 457 1433 487 ut
1454 451 1567 488 Pom-

238 515 370 565 peium
401 516 681 564 adsequeretur
716 515 772 565 (id
805 515 940 565 credo)
976 523 1014 553 et
1046 515 1186 553 rediret
1216 515 1255 552 in
1285 514 1456 564 gratiam.
1518 515 1566 552 Id

237 593 316 617 non
345 581 464 617 credo
491 587 529 617 et
557 588 689 618 metuo
718 594 766 617 ne
793 579 921 618 omnis
949 581 1045 617 haec
1073 579 1280 617 clementia
1300 580 1349 617 ad
1372 579 1564 618 Cinneam

237 644 342 681 illam
364 644 634 682 crudelitatem
657 645 883 694 conligatur.
938 645 1083 683 Balbus
1105 644 1264 694 quidem
1287 644 1408 683 maior
1427 646 1476 682 ad
1503 658 1565 682 me

236 708 368 746 scribit
399 708 495 746 nihil
526 710 641 747 malle
672 710 880 748 Caesarem
910 722 1028 758 quam
1059 708 1234 758 principe
1261 708 1451 758 Pompeio
1480 709 1564 748 sine

178 786 218 809 10
237 781 344 810 rnetu
366 773 502 811 vivere.
563 776 637 820 Tu,
657 782 763 823 puto,
782 776 879 812 haec
900 773 1035 812 credis.
1096 774 1173 811 Sed
1195 786 1284 810 cum
1307 774 1404 811 haec
1424 773 1564 812 scribe-

236 838 327 875 bam
350 849 374 873 V
397 839 579 885 Kalend.,
604 839 816 888 Pompeius
841 838 917 876 iam
940 837 1192 876 Brundisium
1215 837 1367 876 venisse
1388 846 1564 887 poterat3

236 902 442 951 expeditus
474 903 577 941 enim
608 910 868 941 antecesserat
898 902 1070 952 legiones
1100 914 1143 939 xl
1165 904 1216 940 K.
1249 902 1420 940 Luceria.
1485 904 1563 940 Sed

236 967 312 1004 hoc
332 968 436 1016 τέρας
457 967 631 1006 horribili
647 967 857 1017 vigilantia,
873 967 1081 1015 celeritate,
1098 966 1299 1017 diligentia
1319 974 1386 1005 est.
1443 968 1563 1005 Plane

235 1030 331 1080 quid
352 1032 522 1069 futurum
544 1033 592 1070 sit
612 1032 756 1070 nescio.

178 1191 216 1224 15
277 1181 320 1215 X
516 1187 586 1218 Scr.
606 1188 639 1218 in
657 1187 836 1218 Fornu'ano
850 1186 882 1218 iv
897 1187 940 1218 K.
959 1187 1059 1218 Man.
1078 1197 1108 1218 a.
1129 1197 1182 1226 705
1200 1186 1284 1228 (49).

646 1275 819 1306 CICERO
852 1275 1023 1306 ATTICO
1057 1274 1154 1306 SAL.

291 1363 504 1413 Dionysius
531 1378 621 1402 cum
648 1366 699 1403 ad
727 1378 790 1403 me
810 1372 961 1415 praeter
980 1363 1207 1414 opinionem
1231 1377 1358 1402 meam
1379 1363 1562 1407 venisset,

236 1429 389 1467 locutus
414 1443 500 1467 sum
522 1443 611 1467 cum
642 1443 689 1467 eo
718 1429 1011 1477 liberalissime,-
1039 1436 1216 1478 tempora
1236 1428 1411 1478 exposui,
1431 1427 1561 1478 rogavi

235 1501 277 1530 ut
302 1493 448 1531 diceret
475 1493 570 1543 quid
597 1495 758 1532 haberet
784 1494 824 1532 in
850 1493 1009 1540 animo;
1038 1507 1100 1531 me
1128 1493 1223 1530 nihil
1250 1494 1299 1531 ab
1327 1493 1412 1543 ipso
1440 1493 1562 1532 invito

179 1573 217 1594 20
235 1560 485 1597 contendere.
546 1559 768 1608 Respondit
789 1573 830 1597 se
851 1561 959 1608 quod
979 1558 1018 1595 in
1040 1558 1210 1595 nummis
1231 1559 1392 1596 haberet
1413 1558 1562 1597 nescire

235 1701 330 1725 esse.
395 1687 501 1725 Dixit
536 1687 652 1726 etiam
687 1687 762 1726 alia
793 1689 989 1737 quaedam
1021 1688 1071 1726 de
1105 1686 1266 1725 servulis
1300 1687 1379 1725 suis
1411 1701 1488 1737 qua
1522 1702 1562 1726 re

235 1753 442 1790 nobiscum
471 1765 555 1790 esse
582 1765 662 1789 non
689 1760 832 1802 posset.
894 1754 1048 1790 Morem
1075 1751 1200 1801 gessi,
1230 1752 1360 1790 dimisi
1386 1766 1409 1790 a
1433 1766 1495 1791 me
1520 1761 1561 1790 ut

236 1815 462 1865 magistrum
490 1816 727 1855 Ciceronum
759 1830 839 1854 non
869 1816 1043 1863 libenter,
1067 1824 1109 1854 ut
1136 1817 1338 1855 hominem
1368 1817 1560 1867 ingratum

178 1893 215 1925 ²5
236 1893 315 1917 non
344 1880 497 1918 invitus.
557 1880 674 1918 Volui
697 1888 734 1919 te
761 1881 858 1919 scire
886 1889 924 1920 et
949 1881 1045 1931 quid
1069 1894 1141 1931 ego
1162 1882 1212 1919 de
1233 1881 1315 1920 eius
1342 1883 1446 1920 facto
1466 1882 1561 1921 iudi-

236 1958 375 1983 carem.

0 1638 6 1821 l
235 1636 315 1672 quo
346 1622 420 1660 loci
452 1630 578 1663 esset:
615 1623 711 1661 alios
746 1636 826 1660 non
858 1624 1017 1668 solvere,
1048 1622 1211 1660 aliorum
1244 1621 1349 1660 diem
1383 1624 1561 1660 nondum

0 1908 7 2138 i
283 2070 309 2097 1,
331 2071 349 2090 2
375 2059 505 2090 occulta
521 2060 574 2090 via
592 2070 730 2091 currens
754 2061 865 2091 Alsum:
889 2061 1071 2091 occultavit
1090 2072 1270 2093 occurrens
1292 2062 1334 2093 M
1441 2074 1458 2102 7
1483 2064 1559 2094 Cin-

237 2113 334 2133 neam
358 2104 472 2143 scm'psz'
489 2104 557 2134 coll.
577 2105 676 2135 Fam.
700 2105 719 2135 i.
739 2115 768 2143 9.
794 2114 826 2134 11
844 2115 850 2134 z
877 2115 975 2134 unam
1003 2105 1112 2135 codd.:
1134 2106 1307 2136 Sullanam
1327 2106 1447 2137 Orelli:
1482 2108 1560 2137 Cin-

237 2157 358 2176 nanam
386 2147 469 2176 Boot
579 2156 618 2177 10
642 2148 724 2178 haec
751 2147 824 2177 211²:
851 2153 883 2177 et
901 2147 974 2178 Ml:
1000 2149 1061 2177 hoc
1083 2148 1269 2189 H'ssmrbcrg
1381 2160 1418 2179 12
1445 2150 1474 2180 Κ
1501 2150 1559 2180 ad-

236 2189 332 2219 dend.
350 2190 420 2218 coni
450 2188 551 2218 Orclli
711 2200 751 2229 25
776 2190 890 2231 Volui]
905 2191 985 2230 sort.
1008 2191 1106 2221 Volui
1136 2192 1168 2221 id
1306 2197 1340 2223 et
1364 2193 1444 2232 quid
1470 2193 1557 2224 codd.
1583 2193 1585 2195 ¹

242 2232 362 2273 Tyrrcll
372 2244 377 2263 :
402 2243 465 2263 om.
485 2237 518 2263 et
534 2233 621 2274 vulg.
