1817 2832
194 100 288 137 VII.
311 101 422 138 xxvi
734 104 847 142 EPP.
880 105 957 142 AD
987 105 1247 144 ATTICVM

273 678 298 706 2

320 211 481 260 quidem
512 211 557 250 iis
588 211 723 250 litteris
753 226 854 262 quae
885 215 1016 252 Roma
1043 216 1271 254 adferuntur
1299 217 1350 255 de
1380 217 1569 265 Domitio,
1598 219 1649 257 de

321 275 541 313 Picentium
584 276 824 315 cohortibus.
903 279 1049 317 Omnia
1096 288 1205 318 erant
1252 282 1355 319 facta
1401 283 1477 321 hoc
1525 283 1648 321 biduo

318 341 488 379 laetiora.
550 343 690 393 Itaque
711 344 801 393 fuga
817 357 918 394 quae
938 345 1147 395 parabatur
1162 359 1337 396 repressa
1357 354 1415 385 est
1430 363 1439 395 3
1469 347 1647 387 Caesaris

317 405 536 454 interdicta,

524 471 585 510 ‘Si
615 471 652 511 te'
682 474 860 512 secundo
889 474 1038 513 himine
1067 475 1131 513 hic
1161 475 1439 515 offendero—'
1665 491 1682 521 5

318 544 577 586 respuuntur3
607 537 714 576 bona
742 540 793 577 de
824 539 1013 587 Domitio,
1046 541 1242 590 praeclara
1271 542 1322 579 de
1350 541 1514 581 Afranio
1543 543 1647 581 fama

318 608 385 638 est.

373 667 495 715 Quod
523 682 586 707 me
613 668 850 708 amicissime
874 670 1067 708 admones
1095 678 1137 708 ut
1165 671 1260 709 mihi
1288 671 1480 721 integrum
1512 673 1645 722 quoad

316 731 466 780 possim
496 746 658 781 servem,
681 742 833 784 gratum
863 742 945 782 est3
976 736 1084 784 quod
1113 735 1237 781 addis,
1262 750 1311 774 ne
1337 737 1568 786 propensior
1593 738 1644 775 ad

317 803 471 846 turpem
510 811 670 836 causam
708 798 852 846 videar,
893 808 997 837 certe
1035 799 1157 837 videri
1199 814 1371 850 possum.
1450 804 1536 851 Ego
1581 815 1645 840 me
1668 812 1704 834 ¹0

316 861 460 899 ducem
488 862 528 899 in
555 862 658 900 civili
682 864 787 901 bello
817 865 949 912 quoad
976 865 1027 902 de
1052 878 1150 914 pace
1176 873 1353 914 ageretur
1378 866 1517 917 negavi
1546 880 1642 914 esse,

316 938 397 964 non
419 927 513 976 quin
541 936 690 966 rectum
718 936 820 966 esset
840 931 910 967 sed
938 929 1030 979 quia
1056 932 1165 979 quod
1192 925 1317 969 multo
1344 931 1485 969 rectius
1506 931 1578 969 fuit
1604 931 1645 969 id

317 990 413 1028 mihi
443 993 619 1031 fraudem
649 993 746 1031 tulit.
807 995 928 1032 Plane
962 1008 1050 1032 eum
1083 995 1177 1045 quoi
1204 1003 1336 1034 noster
1361 998 1526 1034 alterum
1554 1009 1646 1035 con-

316 1057 485 1094 sulatum
507 1058 674 1096 deferret
699 1066 738 1096 et
759 1058 1000 1108 triumphum
1022 1060 1077 1111 (at
1104 1060 1248 1110 quibus
1267 1061 1418 1100 verbis!
1451 1064 1543 1111 ‘pro
1569 1061 1644 1099 tuis

316 1121 431 1159 rebus
452 1123 568 1171 gestis
589 1123 839 1173 amplissimis
853 1125 877 1174 ⁷)
895 1124 1099 1163 inimicum
1120 1126 1265 1164 habere
1286 1128 1498 1165 nolueram.
1559 1128 1644 1177 Ego
1666 1140 1702 1172 15

317 1185 398 1224 scio
419 1194 456 1225 et
478 1201 596 1237 quem
619 1196 792 1226 metuam
813 1196 851 1227 et
871 1203 989 1239 quam
1012 1191 1064 1228 ob
1088 1204 1180 1228 rem.
1240 1191 1308 1229 Sin
1328 1191 1399 1230 erit
1420 1192 1579 1240 bellum,
1603 1199 1645 1230 ut

318 1250 434 1289 video
456 1253 546 1299 fore,
570 1260 697 1302 partes
719 1268 830 1292 meae
851 1268 931 1292 non
953 1255 1289 1294 desiderabantur.

275 1324 300 1363 3
376 1317 436 1354 De
481 1319 551 1355 HS
590 1330 649 1355 xx
688 1319 873 1357 Terentia
910 1319 981 1358 tibi
1019 1320 1223 1370 rescripsit.
1303 1320 1506 1371 Dionysio,
1547 1322 1644 1360 dum

317 1381 589 1421 existimabam
627 1398 745 1433 vagos
784 1398 856 1423 nos
900 1386 992 1431 fore,
1034 1385 1143 1424 nolui
1188 1387 1376 1424 molestus
1417 1400 1526 1434 6556,-
1573 1386 1644 1425 tibi

315 1454 446 1486 autem
468 1449 605 1487 crebro
625 1450 675 1488 ad
708 1463 770 1488 me
790 1449 975 1488 scribenti
995 1452 1046 1489 de
1073 1451 1156 1489 eius
1177 1452 1306 1490 officio
1334 1451 1431 1490 nihil
1452 1451 1640 1502 rescripsi,
1665 1465 1702 1486 20

315 1513 423 1562 quod
456 1512 561 1551 diem
595 1527 642 1552 ex
675 1514 740 1552 die
774 1516 1050 1565 exspectabam
1083 1524 1125 1554 ut
1157 1524 1368 1554 statuerem
1407 1516 1502 1566 quid
1541 1524 1644 1556 esset

314 1577 550 1616 faciendum.
598 1580 730 1626 Nunc,
751 1587 792 1617 ut
813 1579 939 1626 video,
963 1580 1072 1630 pueri
1094 1588 1197 1619 certe
1218 1581 1256 1618 in
1281 1581 1490 1619 Formiano
1511 1581 1644 1619 viden<

314 1649 375 1679 tur
413 1642 630 1681 hiematuri.
692 1645 742 1680 Et
777 1646 879 1692 ego?
936 1645 1093 1682 Nescio,
1154 1644 1194 1683 Si
1228 1644 1333 1682 enim
1372 1645 1442 1682 erit
1480 1646 1639 1693 bellum,

314 1719 405 1744 cum
428 1707 619 1757 Pompeio
640 1721 725 1746 esse
745 1708 941 1746 constitui.
1004 1710 1124 1757 Quod
1145 1710 1303 1747 habebo
1324 1709 1417 1747 certi
1438 1710 1578 1748 faciam
1599 1718 1642 1748 ut

314 1771 423 1810 scias.
485 1773 569 1821 Ego
597 1772 743 1810 bellum
771 1773 1043 1811 foedissimum
1072 1775 1243 1811 futurum
1269 1782 1375 1824 puto,
1399 1774 1473 1812 nisi
1498 1774 1575 1825 qui,
1599 1782 1641 1813 ut
1662 1786 1699 1818 25

313 1844 355 1875 tu
376 1836 522 1884 scribis,
547 1837 749 1876 Parthicus
769 1852 882 1876 casus
903 1838 1100 1876 exstiterit.

357 1940 376 1969 8
401 1940 480 1970 mihi
499 1940 586 1970 Reid
599 1941 665 1972 coll.
683 1941 780 1972 Fam.
800 1942 817 1972 i.
835 1952 864 1980 9.
886 1952 946 1979 10;
971 1942 1038 1973 viii.
1055 1943 1085 1973 6.
1104 1951 1122 1981 5
1139 1952 1146 1972 :
1173 1952 1225 1972 me
1243 1942 1331 1973 codd.
1471 1953 1510 1973 10
1535 1942 1642 1974 videri

313 1984 425 2023 vulg:
463 1985 580 2014 videre
608 1985 668 2015 M:
706 1985 817 2015 ridere
843 1984 984 2025 Madvig
1142 1995 1179 2025 13
1206 1986 1311 2016 fraudi
1338 1986 1398 2017 suit
1421 1987 1500 2017 coni.
1521 1986 1644 2017 Mic'ller

311 2027 406 2067 quoi]
424 2028 476 2057 cui
497 2027 540 2058 C:
566 2027 645 2066 quin
665 2026 706 2056 Μ
806 2038 843 2067 14
869 2027 1017 2059 deferret
1036 2029 1121 2069 vulg.
1140 2041 1146 2059 :
1172 2030 1213 2060 de
1232 2041 1271 2060 ea
1290 2031 1432 2062 referret
1450 2032 1492 2062 M
1592 2043 1642 2072 14,

313 2080 352 2109 15
377 2081 437 2110 pro
460 2071 527 2101 tuis
551 2071 651 2102 rebus
673 2071 779 2110 gestis
799 2070 919 2103 Lamb.
942 2071 1007 2104 coll.
1028 2072 1094 2102 viii.
1111 2083 1142 2111 9.
1164 2084 1205 2103 2:
1238 2079 1273 2104 ut
1294 2085 1432 2114 prorsus
1457 2076 1562 2115 gestis
1583 2077 1641 2107 M:

310 2125 371 2154 pro
395 2113 465 2144 suis
491 2114 591 2144 rebus
614 2115 719 2152 gestis
744 2114 866 2145 Rosius
1072 2126 1114 2146 20
1138 2117 1300 2148 scribenti
1325 2119 1438 2159 vulga:
1466 2119 1586 2150 scienti
1605 2120 1647 2150 M

311 2168 350 2196 23
377 2157 418 2187 Et
433 2159 519 2196 ego?
547 2157 671 2188 Nescio
687 2158 808 2188 Orelli:
833 2163 867 2188 et
881 2168 1000 2197 egone,
1018 2159 1133 2189 nescio
1150 2158 1346 2202 Wesenberg,
1362 2163 1401 2202 cf
1420 2172 1467 2194 11.
1487 2174 1505 2202 4
1520 2174 1527 2193 :
1554 2163 1642 2194 Num

310 2206 343 2232 et
361 2210 439 2240 ego,
454 2201 571 2231 nescio
588 2201 687 2232 Rom.
802 2203 844 2231 26
867 2202 984 2233 scribis
1004 2201 1120 2233 Orelli:
1146 2203 1213 2234 scis
1226 2203 1268 2234 M
