1817 2832
128 133 205 170 III.
230 133 324 171 x'xii
611 132 667 173 M.
702 136 871 173 TVLLI
903 129 1210 176 CICERONIS

297 291 433 326 XXII
477 293 548 326 Ser.
564 294 697 335 partim
720 294 970 381 leessalobnzgag’,
984 295 1111 380 ἔςτνίἱηι
1130 296 1294 336 Dyrrachi
1307 297 1340 328 vi
1353 297 1398 330 K.
1417 297 1493 330 Dec.

807 350 840 370 a.
883 350 902 380 9
961 350 983 379 5
1023 364 1030 371 .

667 427 845 459 CICERO
868 427 1040 459 ATTICO
1066 428 1163 460 SAL.

207 521 224 548 1
300 513 385 552 Etsi
406 514 614 564 diligenter
638 517 689 554 ad
711 530 776 554 me
801 516 975 564 Quintus
1002 517 1118 554 frater
1138 523 1176 555 et
1200 516 1291 555 Piso
1319 530 1421 567 quae
1447 525 1577 556 essent

243 585 332 617 acta
358 579 604 629 scripserant,
627 588 760 619 tamen
787 583 929 620 vellem
957 589 1025 619 tua
1050 589 1088 620 te
1114 581 1324 632 occupatio
1350 596 1431 620 non
1458 582 1578 632 impe-
1597 597 1614 629 5

243 644 364 683 disset
385 658 467 695 quo
488 645 630 693 minus,
653 654 696 684 ut
717 646 931 694 consuesti,
951 648 1002 685 ad
1023 660 1087 685 me
1108 646 1204 696 quid
1224 654 1403 696 ageretur
1422 654 1461 685 et
1481 647 1578 696 quid

242 709 487 760 intellegeres
516 711 787 761 perscriberes.
862 714 932 750 Me
966 713 1097 750 adhuc
1127 711 1312 749 Plancius
1346 711 1577 750 liberalitate

243 787 313 813 sua
342 775 483 813 retinet
512 776 589 813 iarn
620 776 857 826 aliquotiens
882 785 1069 815 conatum
1096 776 1151 814 ire
1176 776 1216 814 in
1243 776 1418 826 Epirum.
1478 779 1575 827 Spes

242 839 394 878 homini
424 848 482 878 est
511 840 655 879 iniecta
688 855 769 880 non
804 843 944 880 eadem
979 855 1081 891 quae
1114 841 1211 879 mihi
1239 855 1357 891 posse
1387 856 1459 880 nos
1495 856 1575 880 una

241 905 434 943 decedere
449 920 459 953 3
489 919 608 955 quarn
640 920 721 944 rem
749 906 824 944 sibi
852 920 997 956 magno
1023 906 1164 945 honori
1191 915 1318 957 sperat
1342 909 1434 946 fore.
1494 909 1573 946 Sed
1596 922 1633 944 10

244 969 332 1017 iam,
360 984 451 1008 cum
481 972 694 1010 adventare
725 972 869 1010 milites
896 972 1089 1020 dicentur,
1110 972 1336 1011 faciendum
1363 973 1479 1011 nobis
1504 973 1574 1011 erit

243 1042 286 1073 ut
314 1036 365 1073 ab
396 1049 443 1074 eo
474 1036 736 1075 discedamus.
798 1039 919 1086 Quod
949 1051 1040 1076 cum
1070 1037 1269 1084 faciemus,
1295 1039 1346 1076 ad
1377 1045 1415 1076 te
1444 1038 1574 1076 statim

200 1110 225 1138 2
245 1099 458 1149 mittemus,
479 1109 521 1139 ut
549 1101 647 1139 scias
675 1102 742 1140 ubi
771 1102 903 1140 simus.
963 1104 1154 1140 Lentulus
1182 1116 1255 1141 suo
1274 1102 1314 1140 in
1338 1117 1412 1141 nos
1432 1103 1573 1150 officio,

244 1166 352 1214 quod
374 1173 411 1203 et
433 1179 472 1203 re
493 1173 531 1204 et
551 1166 753 1215 promissis
781 1174 819 1204 et
846 1166 983 1205 litteris
1010 1168 1192 1214 declarat,
1216 1180 1326 1216 spem
1352 1168 1467 1206 nobis
1493 1181 1574 1206 non

243 1232 391 1268 nullam
423 1232 548 1269 adfert
584 1231 750 1281 Pompei
780 1231 1017 1279 voluntatis,
1058 1245 1175 1282 saepe
1206 1232 1311 1270 enim
1346 1240 1387 1270 tu
1421 1233 1472 1270 ad
1511 1246 1575 1271 me
1595 1246 1633 1278 15

242 1295 428 1345 scripsisti
458 1310 550 1334 eum
580 1304 708 1335 totum
738 1310 824 1335 esse
853 1296 893 1334 in
923 1297 1024 1335 illius
1053 1305 1260 1347 potestate.
1318 1298 1380 1335 De
1409 1299 1575 1336 Metello

242 1360 394 1411 scripsit
418 1362 469 1398 ad
497 1374 561 1399 me
590 1362 706 1399 frater
733 1369 925 1411 quantum
953 1369 1124 1411 speraret
1147 1363 1366 1412 profectum
1396 1375 1481 1400 esse
1507 1376 1576 1412 per

198 1435 221 1472 3
242 1434 289 1465 te.
352 1426 411 1463 Mi
433 1426 641 1476 Pomponi,
664 1440 798 1476 pugna
821 1434 863 1465 ut
884 1434 1016 1465 tecum
1041 1434 1079 1465 et
1105 1440 1196 1465 cum
1218 1427 1316 1465 meis
1343 1427 1440 1465 mihi
1460 1427 1575 1466 liceat

240 1491 370 1530 vivere
399 1499 437 1529 et
472 1491 598 1530 scribe
628 1493 679 1530 ad
714 1506 779 1530 me
811 1492 955 1530 omnia.
1029 1494 1190 1530 Premor
1221 1494 1341 1540 luctu,
1377 1492 1573 1531 desiderio

241 1570 332 1595 curn
371 1557 550 1595 omnium
582 1571 711 1595 rerum
750 1564 831 1595 tum
868 1571 1035 1595 meorum
1069 1558 1137 1608 qui
1168 1558 1265 1596 mihi
1303 1572 1367 1596 me
1405 1558 1572 1596 cariores
1592 1573 1632 1595 20

242 1635 397 1671 semper
416 1623 582 1659 fuerunt.
645 1623 750 1661 Cura
770 1630 811 1660 ut
832 1624 972 1661 valcas.

195 1694 223 1731 4
299 1688 385 1735 Ego
406 1687 514 1735 quod
539 1700 608 1736 per
627 1687 873 1725 Thessaliam
895 1687 925 1725 si
947 1687 1041 1725 irem
1063 1687 1103 1725 in
1125 1687 1289 1737 Epirum
1316 1687 1455 1737 perdiu
1475 1687 1572 1726 nihil

241 1765 346 1790 eram
373 1751 578 1790 auditurus
605 1760 643 1791 et
670 1754 778 1802 quod
806 1752 883 1791 mei
910 1752 1107 1791 studiosos
1134 1754 1264 1791 habeo
1295 1753 1569 1802 Dyrrachinos,

240 1817 291 1855 ad
312 1830 380 1854 eos
401 1816 563 1866 perrexi,
580 1831 671 1855 cum
693 1817 758 1855 illa
778 1817 977 1867 superiora
992 1817 1299 1855 Thessalonicae
1316 1817 1568 1867 scripsissem.

241 1883 342 1920 Inde
372 1895 463 1919 cum
494 1883 545 1920 ad
575 1890 614 1921 te
643 1896 707 1921 me
737 1891 975 1929 convertam,
1000 1882 1141 1921 faciam
1170 1891 1213 1921 ut
1238 1883 1348 1930 scias,
1371 1891 1493 1933 tuque
1519 1885 1570 1922 ad
1592 1898 1628 1930 25

240 1961 304 1985 me
346 1947 462 1985 velim
509 1947 643 1986 omnia
688 1961 806 1998 quarn
852 1947 1149 1997 diligentissime
1197 1947 1437 1986 cuicuimodi
1480 1956 1570 1987 sunt

239 2012 395 2051 scribas.
457 2014 542 2061 Ego
572 2012 649 2050 iarn
677 2020 743 2050 aut
771 2026 852 2051 rem
877 2020 943 2050 aut
971 2026 1020 2051 ne
1047 2025 1158 2062 spem
1182 2012 1344 2063 quidem
1371 2021 1566 2063 exspecto.

241 2079 345 2116 Data
366 2090 404 2115 VI
429 2079 517 2115 Kal.
543 2079 752 2117 Decembr.
779 2077 979 2128 Dyrrachi.

287 2192 323 2220 15
348 2181 455 2212 adfert
482 2180 708 2222 M(ma1g.):
741 2183 862 2212 asserit
889 2182 931 2212 M
1064 2193 1100 2221 17
1127 2189 1279 2221 speraret
1305 2182 1362 2212 M:
1399 2187 1569 2222 sperasset

244 2224 453 2265 Il'esenhctg:
487 2226 631 2264 sperarit
657 2225 790 2256 Ernesti
913 2225 1100 2264 profectum
1127 2225 1208 2257 MI:
1246 2226 1431 2265 perfectum
1465 2226 1563 2257 Rom.

244 2279 282 2307 19
306 2279 380 2299 cum
400 2268 490 2299 luctu
509 2274 577 2298 tum
595 2269 765 2299 desiderio
782 2267 850 2299 ZbI
935 2280 1010 2300 cum
1029 2270 1177 2300 omnium
1196 2281 1309 2300 rerum
1327 2275 1396 2300 tum
1415 2281 1566 2301 meorum

238 2313 314 2343 coni.
334 2312 448 2342 Baiter
461 2323 497 2342 ex
514 2312 611 2342 Rom.
628 2312 744 2351 (sedis
764 2322 879 2342 eorum
895 2317 958 2352 pro
981 2323 1145 2342 meoruml
1167 2325 1173 2344 :
1198 2324 1272 2343 cum
1290 2313 1438 2343 omnium
1456 2324 1566 2344 rerum

238 2354 280 2384 M
295 2355 364 2395 (secl
377 2355 460 2385 linea
477 2356 537 2385 sub
555 2366 628 2385 cum
643 2355 812 2397 subducta)
832 2367 838 2386 :
862 2356 1008 2386 omnium
1027 2367 1176 2386 meorum
1194 2356 1403 2397 Sturenbmg
