1790 2837
90 123 168 162 ΙΙΙ.
192 124 270 161 xix
575 126 631 163 M.
663 125 831 162 TVLLI
864 125 1171 166 CICERONIS

210 236 579 276 aerumnosissimae
605 237 778 276 mulieris
793 237 1002 277 Terentiae
1028 251 1104 278 nec
1128 238 1367 279 miserrimae
1389 237 1543 293 [mulie-

210 300 280 354 ris]
311 302 505 341 Tulliolae
537 303 850 342 obsecrationem
883 311 921 342 et
948 304 1075 343 fidelis
1106 304 1251 343 litteras
1281 312 1376 343 tuas.
1439 304 1541 343 Mihi

211 367 353 417 Epirus
373 375 440 406 aut
461 367 532 406 iter
551 369 602 406 ad
624 369 789 407 salutem
810 368 920 407 dabit
940 376 1007 407 aut
1028 370 1136 419 quod
1157 369 1292 420 scripsi
1313 384 1439 420 supra.

167 439 191 477 3
265 434 325 471 Te
355 446 424 471 oro
453 440 491 471 et
518 433 694 480 obsecro,
712 435 758 471 T.
782 433 989 484 Pomponi,
1020 434 1051 472 si
1081 448 1144 472 me
1174 434 1358 473 omnibus
1388 434 1543 485 amplis-

211 497 330 545 simis,
357 497 565 536 carissimis
592 498 965 548 iucundissimisque
995 499 1111 537 rebus
1140 499 1305 549 perfidia
1333 500 1541 538 hominum
1562 513 1579 545 5

210 563 432 613 spoliatum,
456 563 487 601 si
514 578 577 602 me
604 577 627 602 a
651 564 748 602 meis
778 563 1007 602 consiliariis
1037 564 1237 614 proditum
1265 571 1303 603 et
1322 565 1541 614 proiectum

209 628 329 676 vides,
363 629 394 667 si
428 629 619 679 intellegis
655 643 718 668 me
750 637 932 668 coactum
965 637 1006 668 ut
1036 629 1120 680 ipse
1154 643 1219 668 me
1252 637 1290 668 et
1321 643 1431 668 meos
1460 643 1543 680 per-

209 694 354 741 derem,
385 702 427 733 ut
456 708 520 733 me
550 702 617 733 tua
650 694 917 733 misericordia
946 694 1054 733 iuves
1089 702 1127 733 et
1158 694 1353 744 Quintum
1385 696 1540 734 fratrem

208 758 276 809 qui
296 766 426 809 potest
447 773 531 798 esse
556 761 684 798 salvus
711 767 915 806 sustentes
933 759 1159 798 Terentiam
1181 760 1405 810 liberosque
1432 771 1541 798 meos

209 831 355 872 tueare,
384 839 459 873 mej
488 825 518 863 si
550 832 664 875 putas
694 832 732 863 te
762 824 849 863 istic
877 824 1062 871 visurum,
1093 832 1309 875 exspectes,
1337 824 1367 863 si
1397 824 1537 871 minus,
1563 838 1602 860 10

209 888 363 936 invisas,
397 889 427 927 si
466 897 588 940 potes,
624 890 801 939 mihique
840 904 887 928 ex
924 903 1017 940 agro
1056 897 1125 928 tuo
1166 897 1319 928 tantum
1358 889 1541 939 adsignes

208 962 400 1004 quantum
436 968 527 994 meo
561 968 723 1005 corpore
758 954 941 1005 occupari
976 962 1117 1005 potest,
1149 962 1187 993 et
1216 968 1359 1006 pueros
1393 955 1443 992 ad
1478 968 1541 993 me

208 1033 299 1058 curn
316 1020 451 1059 litteris
473 1034 592 1070 quam
613 1020 784 1071 primum
805 1028 843 1059 et
859 1034 979 1071 quam
1000 1019 1228 1071 saepissime
1245 1019 1386 1058 mittas.
1439 1021 1542 1058 Data

208 1096 281 1123 XVI
305 1087 393 1124 Kal.
418 1085 613 1125 Octobris.

252 1219 339 1253 XX
464 1221 532 1254 Srr.
560 1223 801 1254 Thessalonicae
816 1223 847 1254 iv
862 1222 949 1254 Non.
972 1222 1040 1254 Oct.
1059 1233 1088 1254 a.
1110 1222 1174 1264 696
1194 1223 1282 1264 (58).
1563 1237 1598 1267 15

218 1311 395 1343 CICERO
421 1311 455 1343 S.
485 1311 524 1342 D.
551 1311 591 1350 Q.
621 1311 843 1342 CAECILIO
870 1311 909 1350 Q.
938 1311 971 1343 F.
1000 1310 1315 1342 POMPONIANO
1340 1311 1523 1351 ATTICO,

178 1402 322 1451 1quod
357 1400 518 1451 quidem
553 1400 606 1438 ita
639 1413 724 1438 esse
758 1407 796 1438 et
827 1401 1066 1438 avunculum
1098 1407 1210 1438 tuum
1243 1401 1421 1438 functum
1457 1414 1542 1439 esse

211 1467 341 1505 officio
370 1465 714 1504 vehementissime
748 1466 883 1515 probo,
920 1467 1090 1515 gaudere
1121 1479 1185 1504 me
1220 1473 1304 1503 tum
1338 1465 1481 1513 dicam,
1512 1465 1543 1503 si

208 1532 305 1570 mihi
340 1533 416 1570 hoc
447 1531 567 1569 verbo
601 1530 734 1569 licebit
766 1530 832 1568 uti.
898 1531 967 1568 Me
1002 1530 1212 1569 miserum!
1254 1544 1372 1580 quam
1408 1531 1543 1569 onmia

208 1604 340 1636 essent
368 1610 415 1635 ex
444 1595 651 1643 sententia,
678 1595 709 1633 si
739 1595 854 1633 nobis
883 1594 1052 1641 animus,
1076 1595 1107 1632 si
1135 1595 1354 1642 consilium,
1384 1595 1414 1633 si
1442 1597 1540 1634 fides
1564 1615 1601 1635 :0

207 1675 343 1700 eorum
374 1661 518 1711 quibus
550 1659 789 1698 credidimus
823 1673 904 1697 non
934 1659 1146 1698 defuisset!
1196 1661 1310 1709 Quae
1345 1660 1540 1710 conligere

207 1728 301 1765 nolo
322 1740 371 1765 ne
395 1739 559 1776 augeam
583 1738 818 1771 maerorem;
848 1726 918 1763 sed
940 1724 1010 1763 tibi
1026 1724 1157 1763 venire
1178 1724 1218 1762 in
1240 1732 1413 1763 mentem
1435 1734 1541 1764 certo

206 1792 289 1830 scio
320 1804 421 1841 quae
451 1791 529 1828 vita
562 1797 664 1828 esset
698 1797 840 1836 nostra,
874 1803 975 1839 quae
1010 1789 1189 1835 suavitas,
1223 1803 1324 1839 quae
1358 1790 1537 1840 dignitas.

207 1858 271 1895 Ad
312 1870 413 1906 quae
453 1855 716 1905 reciperanda‚
760 1868 828 1905 per
870 1855 1069 1892 fortunas!
1118 1854 1318 1901 incumbe,
1352 1862 1394 1892 ut
1433 1855 1536 1902 sacis,

207 1922 393 1971 diemque
420 1922 590 1959 natalem
617 1920 765 1958 reditus
793 1919 870 1958 mei
894 1932 986 1958 cura
1006 1926 1049 1957 ut
1068 1918 1108 1956 in
1130 1919 1205 1957 tuis
1225 1919 1390 1958 aedibus
1411 1933 1540 1959 amoe-
1560 1938 1597 1970 ²5

207 1987 378 2026 nissimis
416 2000 528 2036 agam
568 1993 699 2024 tecum
739 1993 778 2024 et
816 1998 906 2023 cum
947 1984 1054 2023 meis.
1124 1986 1210 2034 Ego
1250 1984 1340 2022 huic
1380 1985 1461 2035 spei
1501 1993 1539 2024 et

207 2051 489 2102 exspectationi
520 2065 620 2102 quae
655 2050 770 2089 nobis
802 2049 1034 2101 proponitur
1067 2049 1235 2088 maxime
1270 2056 1401 2088 tamen
1433 2050 1539 2089 volui

207 2116 432 2168 praestolari
467 2118 573 2167 apud
605 2124 643 2155 te
677 2116 716 2154 in
753 2115 884 2166 Epiro,
918 2117 987 2153 sed
1019 2115 1071 2152 ita
1105 2116 1155 2153 ad
1190 2128 1253 2153 me
1287 2115 1467 2154 scribitur
1497 2122 1539 2154 ut

208 2190 343 2233 putem
371 2196 455 2220 esse
481 2181 731 2220 commodius
757 2194 830 2219 nos
856 2180 1005 2219 eisdem
1032 2180 1071 2218 in
1099 2179 1194 2218 locis
1221 2193 1315 2219 esse.

166 2257 192 2286 2
265 2250 327 2286 De
361 2249 483 2286 domo
521 2254 559 2286 et
594 2245 778 2286 Curionis
817 2245 992 2284 oratione
1026 2252 1068 2283 ut
1101 2245 1236 2284 scribis
1270 2245 1323 2284 ita
1356 2253 1424 2284 est.
1490 2247 1537 2284 In
1558 2262 1597 2292 30

257 2363 269 2383 1
296 2352 447 2382 mulieris
465 2355 539 2381 (mle
554 2349 721 2382 Tulliolae
737 2350 805 2382 secl.
822 2349 1025 2381 Bentivolius
1142 2360 1183 2390 27
1209 2350 1353 2381 maxima
1372 2350 1540 2382 Corradus

209 2396 340 2437 tamen]
358 2396 422 2426 iam
445 2396 521 2426 Otto

1772 1879 1790 1917 ‘-
1770 1816 1781 1869 m.
1768 1787 1781 1807 (ι’-
1771 1769 1776 1778 ⁶
1768 1607 1783 1760 «uu-,W
1770 75 1790 1589 *mm—nunna*-

1769 2514 1771 2518 -
1762 2484 1769 2494 2
1761 2453 1770 2466 ι’
1754 1947 1778 2439 ”Ν’”ψυ-σ·”ιιζι-Μυκνυ
