1790 2837
112 156 114 158 »
145 130 175 167 I.
195 129 286 166 xvii
550 128 606 165 M.
638 125 808 164 TVLLI
839 124 1146 164 CICERONIS

230 309 366 345 XVII
524 311 594 344 Ser.
614 312 746 343 Romae
760 311 846 343 Non.
867 310 940 342 Dec.
961 320 992 342 a.
1012 310 1070 351 693
1089 309 1169 352 (61).

602 400 778 431 CICERO
803 398 975 430 ATTICO
1003 398 1099 430 SAL.

150 500 169 529 1
242 492 390 541 Magna
410 488 507 527 mihi
527 488 691 527 varietas
712 486 924 526 voluntatis
951 495 989 525 et
1016 485 1295 525 dissimilitudo
1321 484 1519 536 opinionis

187 569 234 594 ac
258 555 378 593 iudici
400 554 540 603 Quinti
569 553 693 592 fratris
721 552 798 591 mei
826 554 1095 603 demonstrata
1122 558 1180 590 est
1207 565 1253 589 ex
1279 551 1415 589 litteris
1443 550 1519 588 tuis

187 619 228 658 in
249 620 393 669 quibus
423 620 474 657 ad
504 633 567 657 me
594 618 849 669 epistularum
880 617 982 655 illius
1012 617 1191 666 exempla
1220 614 1369 653 misisti.
1430 616 1520 663 Qua
1541 623 1558 654 5

188 698 235 723 ex
256 699 295 723 re
322 692 360 723 et
387 683 567 723 molestia
597 697 683 721 sum
714 690 823 721 tanta
851 683 1043 730 adfectus,
1065 688 1253 731 quantam
1282 679 1380 718 mihi
1409 693 1521 718 meus

188 764 299 788 amor
332 762 509 787 summus
545 762 634 797 erga
667 756 878 796 utrumque
912 754 1084 785 vestrum
1119 747 1270 784 adferre
1302 743 1449 791 debuit,
1482 751 1520 782 et

187 814 448 853 admiratione
469 813 661 864 quidnam
681 812 890 851 accidisset
911 812 1019 861 quod
1047 812 1215 849 adferret
1237 809 1388 858 Quinto
1415 807 1519 846 fratri

189 893 280 918 meo
299 887 366 917 aut
387 878 647 917 offensionem
675 885 755 915 tam
782 890 939 927 gravem
965 883 1033 914 aut
1059 874 1412 914 commutationem
1439 880 1520 911 tan-

188 951 268 982 tam
296 943 517 982 voluntatis.
578 944 711 992 Atque
739 942 835 980 illud
856 956 879 980 a
903 955 966 979 me
991 940 1069 978 iam
1093 948 1184 978 ante
1208 939 1516 988 intellegebatur,
1543 952 1579 974 10

188 1010 298 1058 quod
323 1017 360 1047 te
381 1022 540 1059 quoque
568 1008 697 1058 ipsum
726 1007 998 1045 discedentem
1020 1019 1043 1043 a
1063 1004 1178 1043 nobis
1207 1003 1396 1054 suspicari
1417 1003 1521 1042 vide·

188 1075 291 1120 bam,
308 1075 469 1112 subesse
486 1073 620 1112 nescio
637 1072 733 1123 quid
748 1072 945 1122 opinionis
962 1071 1242 1109 incommodae
1263 1068 1520 1118 sauciumque
1761 1109 1766 1137 ι

189 1152 274 1177 esse
295 1139 377 1177 eius
397 1139 574 1177 animum
596 1145 634 1176 et
654 1137 845 1176 insedisse
867 1137 1058 1186 quasdam
1081 1135 1238 1173 odiosas
1261 1133 1516 1184 suspiciones.
1759 1140 1767 1229 j
1788 1150 1790 1168 A

1760 1247 1766 1382 l

1763 1432 1767 1469 ξ

190 1204 347 1252 Quibus
367 1217 440 1254 ego
468 1202 616 1241 mederi
643 1216 734 1241 cum
761 1215 946 1252 cuperem
974 1208 1089 1239 antea
1117 1213 1234 1249 saepe
1254 1207 1292 1237 et
1312 1200 1521 1236 vehemen-

188 1268 265 1307 tius
286 1268 403 1306 etiam
425 1276 513 1319 post
534 1267 779 1306 sortitionem
800 1265 1035 1316 provinciae,
1052 1278 1126 1319 nec
1150 1272 1304 1302 tantum
1325 1263 1521 1313 intellege-
1543 1276 1578 1307 15

188 1334 281 1372 bam
312 1334 347 1372 ei
377 1347 461 1372 esse
488 1332 716 1371 offensionis
743 1339 935 1382 quantum
965 1331 1115 1368 litterae
1145 1338 1235 1368 tuae
1264 1330 1518 1375 declararant,

146 1409 171 1435 2
190 1412 263 1437 nec
284 1406 436 1436 tantum
458 1397 710 1448 proficiebam
734 1404 926 1447 quantum
947 1396 1140 1434 volebam.
1191 1395 1269 1433 Sed
1290 1402 1422 1432 tamen
1443 1395 1520 1432 hoc

189 1478 253 1502 me
283 1463 365 1514 ipse
392 1463 626 1502 consolabar
655 1463 764 1512 quod
793 1476 874 1500 non
906 1460 1138 1500 dubitabam
1168 1460 1264 1510 quin
1294 1467 1331 1498 te
1360 1459 1424 1498 ille
1453 1467 1520 1497 aut

190 1528 380 1578 Dyrrachi
400 1536 467 1566 aut
487 1527 527 1565 in
554 1526 635 1565 istis
663 1526 758 1565 locis
783 1526 937 1576 uspiam
958 1525 1108 1563 visurus
1137 1532 1262 1573 esset3
1292 1525 1400 1574 quod
1427 1538 1517 1562 cum

187 1593 404 1639 accidisset,
429 1592 680 1630 confidebam
707 1605 753 1629 ac
783 1591 879 1628 mihi
909 1604 1176 1641 persuaseram
1205 1591 1286 1628 fore
1314 1597 1355 1628 ut
1385 1590 1518 1628 omnia
1540 1605 1579 1626 20

187 1660 433 1708 placarentur
462 1657 562 1695 inter
590 1670 659 1694 vos
691 1670 772 1694 non
807 1657 928 1694 modo
961 1669 1141 1694 sermone
1174 1669 1220 1693 ac
1252 1654 1518 1704 disputatione

189 1724 259 1761 sed
285 1729 500 1771 conspectu
530 1721 616 1771 ipso
643 1734 935 1770 congressuque
965 1728 1104 1759 vestro.
1165 1721 1268 1758 Nam
1297 1727 1443 1769 quanta
1470 1719 1518 1757 sit

188 1788 227 1826 in
264 1787 415 1837 Quinto
453 1788 567 1824 fratre
606 1799 695 1824 meo
734 1785 912 1832 comitas,
944 1793 1091 1835 quanta
1129 1784 1364 1831 iucunditas,
1398 1798 1516 1834 quam

187 1852 315 1891 mollis
336 1851 490 1889 animus
511 1858 549 1889 et
578 1851 628 1888 ad
656 1849 928 1900 accipiendam
955 1857 992 1888 et
1019 1850 1070 1888 ad
1098 1850 1378 1898 deponendam
1399 1850 1518 1887 ofsen-

186 1917 350 1963 sionem,
374 1916 469 1954 nihil
499 1915 637 1954 attinet
668 1929 730 1953 me
759 1916 810 1953 ad
837 1923 875 1953 te
900 1914 967 1964 qui
992 1928 1037 1952 ea
1066 1913 1168 1952 nosti
1199 1913 1378 1952 scribere.
1438 1915 1516 1952 Sed
1539 1930 1577 1961 25

185 1982 328 2021 accidit
357 1981 681 2031 perincommode
709 1981 818 2030 quod
846 1993 935 2018 eum
967 1992 1161 2028 nusquam
1183 1977 1322 2016 vidlsti.
1383 1978 1517 2016 Valuit

186 2047 291 2086 enim
314 2048 400 2096 plus
422 2047 530 2095 quod
559 2054 638 2084 erat
667 2045 718 2083 illi
747 2058 826 2083 non
855 2046 1051 2083 nullorum
1078 2042 1249 2081 artificiis
1276 2042 1516 2081 inculcatum

187 2126 305 2162 quam
326 2119 394 2149 aut
415 2110 587 2149 officium
612 2118 678 2149 aut
703 2109 954 2148 necessitudo
981 2115 1046 2146 aut
1073 2121 1183 2146 amor
1203 2114 1329 2146 vester
1355 2107 1418 2145 ille
1445 2107 1518 2157 pri-

145 2188 169 2225 3
189 2176 322 2223 stinus,
340 2175 405 2226 qui
427 2175 638 2226 plurimum
656 2176 782 2212 valere
802 2173 950 2212 debuit.
993 2175 1124 2222 Atque
1140 2172 1255 2210 buius
1271 2171 1517 2210 incommodi

188 2244 304 2291 culpa
324 2241 390 2279 ubi
412 2240 579 2279 resideat
600 2240 749 2278 facilius
771 2252 931 2289 possum
949 2238 1167 2277 existimare
1184 2251 1302 2287 quam
1324 2237 1516 2285 scribere3
1537 2251 1577 2281 30

232 2356 268 2385 14
294 2349 367 2376 (mle
383 2350 484 2375 antea
502 2344 576 2375 add.
597 2348 629 2374 et
647 2343 667 2373 I
808 2344 846 2373 16
870 2342 1045 2374 declarant
1062 2341 1131 2373 EI:
1156 2341 1369 2372 declararunt
1390 2339 1514 2370 chscn-

186 2389 261 2430 bug
390 2399 429 2427 24
450 2389 546 2428 prins
563 2393 596 2418 ct
615 2391 638 2419 Σ
654 2399 660 2418 z
683 2397 747 2418 om.
766 2391 794 2417 Δ
