1817 2832
672 131 783 169 EPP.
815 131 893 168 AD
922 131 1183 170 ATTICVM
1562 133 1608 169 V.
1627 141 1690 168 xv

253 249 378 279 castra
415 239 455 278 in
494 241 744 291 Lycaoniam.
816 243 917 281 Inde
959 243 1010 281 ad
1047 244 1223 281 Taurum
1262 242 1494 293 cogitabam,
1536 250 1578 280 ut

252 318 343 343 curn
374 307 613 356 Moeragene
651 306 770 357 signis
809 307 970 356 collatis,
1001 307 1034 346 si
1071 321 1240 358 possem,
1273 309 1322 346 dc
1361 321 1471 346 servo
1510 315 1578 346 tuo

251 370 486 409 deciderem.

285 441 485 480 ‘Clitellae
515 441 606 480 bovi
635 443 726 481 sunt
754 442 960 493 impositae
974 458 984 491 3
1022 444 1137 493 plane
1166 456 1247 481 non
1277 450 1335 482 est
1363 432 1542 481 nostrum

213 520 230 551 5
851 509 974 545 onus'

251 575 329 613 Sed
359 577 537 623 fere-mus,
562 578 693 625 modo,
723 577 754 615 si
781 591 845 615 me
873 591 992 625 amas,
1019 577 1092 616 sim
1125 591 1291 625 annuus,
1320 577 1424 616 adsis
1454 586 1495 616 tu
1524 579 1576 617 ad

251 647 405 689 tempus
433 648 474 678 ut
501 649 681 679 senatum
709 649 835 679 totum
864 642 1018 680 excites.
1078 642 1247 680 Mirifice
1274 642 1461 680 sollicitus
1489 655 1576 680 sum

250 705 358 753 quod
385 704 462 743 iam
491 705 558 744 diu
587 706 682 744 mihi
709 706 841 756 ignota
867 715 957 744 sunt
981 706 1053 744 ista
1079 706 1223 744 omnia.
1284 708 1374 755 Qua
1400 720 1439 744 re
1464 715 1505 744 ut
1525 708 1576 745 ad

250 776 288 806 te
316 778 408 807 ante
441 770 588 819 scripsi,
617 784 707 809 cum
737 779 866 809 cetera
894 779 977 808 tum
1007 784 1066 808 res
1095 770 1254 820 publica
1288 784 1380 808 cura
1409 778 1450 808 ut
1480 770 1577 808 mihi

192 848 230 870 10
250 841 344 872 nota
368 834 426 872 sit.
487 836 603 872 Plura
623 835 790 874 scribam
812 837 945 876 †tarde
966 835 1035 874 tibi
1060 835 1215 874 redditu
1232 835 1312 883 iri†‚
1337 836 1406 873 sed
1430 836 1575 873 dabam

248 898 426 936 familiari
465 899 617 937 homini
654 914 700 938 ac
734 900 964 947 domestico,
997 901 1041 939 C.
1073 899 1305 938 Andronico
1341 901 1570 938 Puteolano.

248 964 311 1000 Tu
339 972 472 1002 autem
502 978 619 1014 saepe
647 966 740 1003 dare
769 965 977 1003 tabellariis
1006 965 1306 1015 publicanorum
1333 964 1478 1015 poteris
1505 978 1573 1015 per

248 1027 452 1078 magistros
473 1029 685 1080 scripturae
705 1037 744 1068 et
763 1038 898 1080 portus
918 1038 1138 1068 nostrarum
1159 1030 1412 1069 dioecesium.

290 1162 401 1198 XVI
444 1165 514 1198 Ser.
533 1167 565 1197 in
582 1167 690 1197 itinere
712 1178 734 1198 a
755 1165 917 1206 Synnada
940 1166 986 1196 ad
1005 1165 1238 1196 Philomelium
1263 1166 1346 1197 inter
1359 1176 1389 1198 a.
1414 1165 1444 1196 d.
1462 1176 1482 1196 v
1497 1169 1525 1195 et
1540 1165 1579 1196 iii

189 1231 226 1263 15
715 1220 764 1252 Id.
786 1220 872 1251 Sext.
891 1232 921 1252 a.
941 1231 996 1260 705
1013 1222 1098 1262 (51).

665 1297 839 1329 CICERO
862 1297 1035 1329 ATTICO
1061 1297 1159 1329 SAL.

301 1374 385 1414 Etsi
424 1374 465 1412 in
502 1374 589 1425 ipso
626 1373 763 1413 itinere
803 1382 841 1412 et
874 1374 936 1412 via
973 1374 1232 1413 discedebant
1269 1374 1607 1424 publicanorumI

246 1439 434 1478 tabellarii
468 1447 507 1478 et
535 1452 688 1477 eramus
718 1438 757 1476 in
787 1452 912 1486 cursu,
941 1446 1073 1477 tamen
1105 1438 1393 1489 surripiendum
1422 1439 1572 1488 aliquid

245 1504 379 1555 putavi
421 1505 530 1555 spati,
572 1518 621 1542 ne
666 1518 728 1542 me
774 1503 1046 1542 immemorem
1090 1503 1264 1542 mandati
1306 1503 1361 1541 tui
1402 1512 1567 1554 putares.

188 1584 227 1608 20
247 1571 387 1620 Itaque
417 1569 577 1608 subsedi
608 1569 647 1607 in
676 1568 761 1619 ipsa
786 1569 856 1615 via,
881 1570 976 1607 dum
1005 1570 1102 1607 haec
1130 1582 1231 1618 quae
1260 1569 1477 1618 longiorem
1507 1570 1571 1607 de-

245 1634 416 1673 siderant
443 1634 661 1672 orationem
692 1633 917 1672 summatim
947 1632 1017 1671 tibi
1045 1633 1334 1683 perscriberem.
1395 1634 1570 1672 Maxima
1587 1646 1611 1673 2

244 1700 536 1750 exspectatione
566 1699 605 1737 in
634 1699 827 1749 perditam
857 1707 895 1737 et
918 1700 1034 1749 plane
1063 1712 1237 1737 eversam
1268 1698 1307 1736 in
1337 1707 1568 1748 perpetuum

243 1765 485 1815 provinciam
517 1778 589 1803 nos
618 1764 771 1803 venisse
805 1764 903 1803 scito
933 1764 1058 1814 pridie
1088 1765 1174 1801 Kal.
1205 1763 1368 1811 Sextilis,
1399 1772 1569 1802 moratos

244 1829 416 1868 triduum
452 1830 683 1877 Laodiceae,
713 1830 885 1868 triduum
916 1831 1129 1879 Apameae,
1158 1828 1324 1866 totidem
1359 1828 1442 1867 dies
1477 1830 1569 1878 Syn-

186 1908 224 1940 25
244 1897 357 1934 nade.
427 1895 662 1934 Audivimus
702 1895 798 1933 nihil
835 1895 943 1934 aliud
980 1894 1055 1933 nisi
1093 1893 1284 1944 imperata
1323 1896 1570 1943 ἐπικεφάλαια

285 2008 304 2034 4
324 1997 480 2028 Clitellae
492 2020 500 2028 .
516 2021 523 2029 .
537 2021 545 2029 .
559 1996 661 2037 onus]
675 1997 711 2034 cst
726 1996 905 2028 Ammian.
919 1996 1022 2026 Marc.
1039 1996 1105 2027 xvi.
1123 2006 1152 2035 5.
1169 2006 1208 2027 10
1262 1997 1364 2036 plane
1377 1997 1569 2027 Ammian.:

241 2039 297 2070 illa
326 2039 404 2070 M1:
429 2040 530 2070 illane
557 2037 813 2070 M²CZbNHP:
838 2040 958 2070 cillane
984 2040 1106 2070 Rosius
1305 2042 1326 2070 6
1349 2041 1410 2070 sim
1437 2049 1569 2071 annuus

243 2085 359 2115 Klotz:
384 2084 427 2113 sit
443 2093 551 2113 annus
569 2086 730 2117 (annuusl
757 2083 843 2113 codd.
862 2095 869 2114 ι
904 2084 947 2113 sit
967 2093 1114 2113 annuum
1134 2083 1236 2114 Boot:
1261 2083 1289 2113 si
1307 2088 1340 2113 te
1356 2094 1375 2113 a
1393 2094 1446 2113 me
1462 2085 1566 2114 amari

244 2128 293 2158 vis
309 2126 485 2157 Lehmann
510 2126 576 2157 coll.
597 2126 618 2156 i.
636 2137 686 2157 20.
708 2136 736 2165 7.
756 2127 853 2157 Fam.
873 2127 917 2156 iii.
935 2137 965 2165 9.
984 2137 1014 2163 2,
1034 2127 1193 2166 eleganter
1205 2126 1262 2156 sed
1277 2127 1394 2166 paullo
1410 2126 1568 2157 audacius

244 2182 260 2210 7
287 2177 392 2201 totum
404 2169 457 2198 Μ2
473 2181 480 2199 :
503 2180 559 2199 om
582 2168 635 2198 Ml
728 2179 766 2199 10
784 2169 897 2199 Plural
913 2169 1101 2207 Epistulam
1115 2170 1299 2200 Gronovius
1373 2170 1505 2200 redditu
1524 2170 1566 2200 iri

242 2207 315 2244 ΖΠΗ
347 2213 480 2243 redditu
505 2213 552 2243 ire
578 2212 650 2242 M2:
690 2213 838 2242 redituro
862 2212 986 2243 NM152
1022 2213 1194 2243 reddituro
1222 2213 1288 2243 0²:
1327 2214 1492 2243 redditum
1525 2213 1565 2243 iri

245 2257 435 2287 Gronovius,
472 2259 546 2296 post
568 2256 708 2286 scribam
730 2256 880 2295 supplent
901 2256 994 2286 verba
1015 2256 1178 2294 quaedam
1195 2256 1259 2286 viri
1279 2256 1369 2295 docti,
1388 2257 1563 2287 Lehmann

243 2311 316 2331 cum
337 2299 523 2330 constitero
538 2310 544 2328 t
573 2300 655 2329 haec
678 2299 834 2337 sciebam,
859 2299 1070 2329 Orellialias:
1096 2300 1157 2329 has
1175 2300 1330 2338 sciebam,
1346 2300 1412 2330 coll.
1430 2301 1486 2331 vii.
1504 2311 1530 2333 1.
1545 2309 1559 2330 1

243 2354 284 2382 23
307 2344 442 2373 venisse
462 2342 610 2373 E01Ps:
637 2342 807 2372 invenisse
831 2341 958 2371 lvo-‘M
1084 2353 1125 2382 24
1151 2342 1337 2382 Synnadae
1361 2342 1391 2373 L
1420 2344 1561 2384 (marg.)

242 2397 284 2426 25
308 2385 517 2426 ἑπικεφάλαια
541 2385 732 2417 Turnebus:
755 2385 967 2424 epicephalia
983 2385 1025 2416 M
1469 2410 1473 2415 .
