1790 2837
617 116 730 153 EPP.
762 116 840 153 AD
869 115 1131 154 ATTICVM
1515 114 1546 152 I.
1565 111 1627 150 vii

221 239 267 265 ea
297 239 398 277 quae
422 225 537 265 nobis
567 225 708 265 emisse
740 231 773 264 te
801 233 839 265 et
868 239 1024 277 parasse
1051 225 1186 264 scribis
1217 226 1286 264 des
1315 238 1474 275 operam
1504 231 1547 262 ut

220 305 339 341 quam
370 291 540 342 primum
574 292 790 330 habeamus
824 299 862 329 et
895 291 1011 329 velim
1043 291 1201 341 cogites,
1238 291 1278 329 id
1310 291 1418 340 quod
1450 288 1546 327 mihi

219 356 416 406 pollicitus
437 370 491 404 es,
512 370 629 406 quem
651 358 701 394 ad
722 357 886 394 modum
908 356 1189 394 bibliothecam
1216 355 1331 394 nobis
1352 356 1546 394 conficere

218 421 355 471 possis.
416 422 588 460 Omnem
610 435 720 471 spem
749 421 1020 460 delectationiS
1047 429 1212 468 nostrae,
1237 434 1355 471 quam
1385 434 1475 458 cum
1505 419 1544 457 in

182 503 198 533 5
219 487 343 526 otium
364 487 586 526 venerimus
606 488 751 526 habere
766 488 957 533 volumus,
977 486 1016 524 in
1033 494 1099 524 tua
1115 486 1359 525 humanitate
1374 485 1543 537 positam

218 553 421 592 habemus.

261 679 377 714 VIII
521 682 591 714 Scr.
609 683 740 714 Romae
749 686 826 724 post
840 683 889 715 Id.
909 683 998 714 Febr.
1019 694 1049 714 α.
1069 684 1132 722 687
1150 681 1232 723 (67).

631 771 806 802 CICERO
831 770 1002 802 ATTICO
1029 770 1124 802 SAL.

270 860 392 909 Apud
412 867 449 898 te
476 866 535 898 est
555 866 597 897 ut
617 861 808 898 volumus.
870 861 999 897 Mater
1019 866 1085 897 tua
1105 865 1144 897 et
1164 871 1272 897 soror
1292 871 1313 896 a
1334 871 1397 896 me
1419 857 1540 906 Quin·
1560 867 1577 893 1

160 935 198 958 10
217 930 337 973 toque
358 925 471 962 fratre
496 923 677 973 diligitur.
737 925 838 963 Cum
861 923 1034 962 Acutilio
1059 937 1146 962 sum
1176 925 1340 961 locutus.
1402 925 1440 961 Is
1466 922 1540 961 sibi

215 996 331 1037 negat
351 1001 374 1026 a
394 1002 466 1026 suo
486 996 736 1038 procuratore
757 988 969 1038 quicquam
997 988 1184 1038 scriptum
1205 1001 1290 1026 esse
1317 995 1354 1026 et
1382 987 1540 1026 miratur

215 1052 329 1090 istam
361 1053 667 1091 controversiam
702 1052 820 1092 fuisse
859 1054 968 1103 quod
1006 1053 1070 1091 ille
1108 1051 1293 1090 recusarit
1324 1052 1415 1090 satis
1447 1053 1539 1091 dare

213 1117 381 1167 amplius
412 1119 483 1156 abs
517 1126 555 1157 te
594 1131 674 1157 non
706 1117 797 1168 peti.
857 1119 978 1167 Quod
1012 1125 1050 1156 te
1084 1119 1134 1156 de
1166 1116 1347 1155 Tadiano
1381 1117 1539 1166 negotio

142 1223 145 1225 ,
214 1181 409 1221 decidisse
439 1182 585 1230 scribis,
610 1182 650 1221 id
680 1196 752 1232 ego
778 1182 908 1221 Tadio
926 1177 975 1220 'et
1005 1189 1156 1231 gratum
1187 1194 1271 1219 esse
1301 1180 1472 1219 intellexi
1502 1189 1540 1220 et

158 1257 193 1289 15
215 1260 358 1296 magno
389 1260 506 1297 opere
536 1247 764 1286 iucundum.
826 1249 898 1285 Ille
929 1255 1061 1285 noster
1091 1246 1251 1293 amicus,
1281 1245 1337 1283 vir
1366 1260 1428 1284 me
1458 1247 1541 1285 her-

213 1313 300 1350 cule
321 1312 493 1361 optimus
511 1320 548 1351 et
569 1312 665 1350 mihi
685 1311 955 1359 amicissimus,
975 1325 1068 1350 sane
1088 1310 1159 1349 tibi
1180 1310 1297 1348 iratus
1318 1318 1385 1348 est.
1446 1312 1540 1349 Hoc

213 1376 245 1415 si
266 1377 401 1426 quanti
423 1386 463 1415 tu
485 1377 666 1415 aestimes
688 1377 819 1425 sciam,
843 1384 925 1415 tum
947 1377 1043 1427 quid
1064 1377 1159 1415 mihi
1181 1378 1462 1416 elaborandum
1490 1376 1539 1414 sit

213 1441 310 1480 scire
330 1442 489 1492 possim.
876 1487 879 1489 ‚

267 1508 310 1545 L.
334 1507 475 1547 Cincio
497 1509 567 1546 HS
593 1519 710 1546 ccmo
739 1519 856 1546 ccmo
885 1519 985 1546 CCCC
1014 1521 1084 1557 pro
1114 1507 1232 1557 signis
1254 1507 1472 1557 MegariciS,
1495 1514 1538 1545 ut
1557 1518 1580 1545 2

155 1587 192 1608 20
212 1578 254 1609 tu
292 1573 343 1610 ad
375 1585 438 1610 me
472 1572 690 1622 scripseras,
726 1572 867 1610 curavi.
929 1574 1104 1610 Hermae
1136 1572 1192 1610 tui
1224 1571 1413 1621 Pentelici
1447 1585 1537 1609 cum

211 1636 405 1686 capitibus
426 1637 568 1684 aeneis,
592 1639 642 1676 de
669 1637 813 1687 quibus
843 1638 894 1675 ad
923 1650 986 1674 me
1017 1636 1212 1686 scripsisti,
1236 1636 1312 1674 iam
1342 1650 1448 1674 nunc
1475 1650 1538 1675 me

210 1702 429 1740 admodum
468 1702 676 1740 delectant.
755 1703 845 1750 Qua
877 1715 917 1739 re
950 1701 1067 1739 velim
1102 1709 1140 1739 et
1178 1714 1245 1739 eos
1277 1708 1316 1739 et
1354 1701 1462 1751 signa
1501 1709 1538 1739 et

212 1773 340 1804 cetera
360 1779 460 1815 quae
481 1765 552 1804 tibi
582 1765 664 1804 eius
694 1765 771 1804 loci
801 1774 839 1804 et
868 1765 990 1804 nostri
1022 1765 1126 1804 studi
1154 1773 1192 1803 et
1213 1773 1302 1803 tuae
1323 1766 1538 1815 elegantiae

211 1843 296 1869 esse
316 1831 554 1869 videbuntur
580 1844 698 1881 quam
728 1830 895 1880 plurima
924 1844 1042 1880 quam
1067 1830 1316 1880 primumque
1343 1830 1472 1869 mittas
1500 1839 1538 1869 et

155 1912 191 1943 ²5
212 1895 380 1934 maxime
401 1909 503 1945 quae
523 1895 594 1934 tibi
613 1895 790 1946 gymnasi
812 1895 989 1945 xystique
1010 1895 1248 1934 videbuntur
1277 1908 1372 1933 esse.
1433 1897 1535 1933 Nam

211 1959 250 1997 in
271 1973 319 1999 eo
338 1973 480 2010 genere
501 1959 555 1998 sic
577 1960 707 1999 studio
728 1960 924 1998 efferimur
943 1968 985 1998 ut
1005 1961 1075 1998 abs
1092 1968 1130 1998 te
1145 1959 1369 2006 adiuvandi,
1387 1960 1436 1998 ab
1453 1960 1536 1998 aliis

209 2013 331 2075 prope
352 2025 665 2075 reprehendendi
686 2024 817 2063 simus.
877 2024 917 2063 Si
938 2024 1096 2062 Lentuli
1116 2024 1224 2062 navis
1245 2038 1325 2062 non
1354 2025 1433 2071 erit,
1458 2038 1536 2074 quo

210 2089 281 2128 tibi
314 2090 484 2140 placebit
522 2089 727 2140 imponito.
787 2089 959 2128 Tulliola
992 2089 1197 2128 deliciolae
1235 2098 1391 2128 nostrae
1424 2097 1534 2127 tuum
1554 2102 1578 2140 3

211 2155 490 2192 munusculum
511 2154 657 2204 flagitat
678 2162 716 2193 et
737 2168 799 2193 me
814 2162 855 2192 ut
872 2167 1103 2204 sponsorem
1119 2155 1289 2204 appellat
1305 2169 1315 2202 ,-
1336 2154 1389 2192 mi
1404 2162 1535 2193 autem

153 2236 192 2267 30
210 2218 387 2257 abiurare
407 2219 548 2257 certius
570 2227 627 2258 est
648 2232 767 2269 quam
787 2220 1023 2269 dependere.

210 2364 242 2395 E
258 2333 271 2353 1
299 2327 332 2353 te
358 2321 433 2354 add.
459 2321 576 2353 Baiter
742 2333 780 2353 12
806 2323 971 2354 recusarit
1000 2322 1211 2364 Malasps'na:
1247 2327 1333 2354 -arat
1358 2322 1414 2353 M:
1449 2328 1536 2354 -aret

242 2366 341 2396 mesti
