1790 2837
97 141 127 178 Ι.
152 140 229 177 xvi
492 108 498 111 ³
531 142 588 179 M.
621 141 790 178 TVLLI
822 141 1128 180 CICERONIS

163 247 302 286 lanista
330 247 634 298 frugalissimum
673 262 872 298 quemque
911 256 1142 298 secerneret,
1168 256 1211 288 ut
1239 249 1409 300 primum
1439 249 1494 288 iu-

163 312 271 350 dices
310 314 589 360 consederunt,
623 314 738 351 valde
772 313 950 351 diffidere
984 313 1079 352 boni
1113 322 1338 364 coeperunt.
1398 316 1492 352 Non

162 377 268 415 enim
290 391 480 427 umquam
502 377 651 428 turpior
675 377 715 415 in
745 379 840 416 ludo
866 378 1002 417 talario
1029 392 1236 417 consessus
1257 379 1339 427 fuit,
1362 393 1493 418 macu-

160 442 233 480 losi
254 450 465 490 senatores,
488 443 586 482 nudi
607 443 769 499 equiteS,
793 443 939 482 tribuni
960 457 1041 482 non
1061 452 1141 482 tam
1161 437 1280 482 aerati
1297 458 1427 494 quam,
1449 451 1492 482 ut

160 510 416 558 appellantur,
448 508 594 547 aerarii.
655 509 775 547 Pauci
803 517 936 547 tamen
965 509 1061 548 boni
1090 509 1242 548 inerant
1271 523 1370 559 quos
1399 509 1493 547 reie-

159 573 291 612 ctione
312 575 444 623 fugare
464 574 528 612 ille
548 588 629 613 non
650 582 839 624 potuerat,
856 574 924 624 qui
940 574 1078 613 maesti
1098 574 1198 612 inter
1218 574 1276 612 sui
1292 574 1491 613 dissimilis

160 645 198 676 et
219 646 437 676 maerentes
453 639 645 677 sedebant
660 646 698 677 et
714 638 950 688 contagione
971 638 1223 688 turpitudinis
1239 639 1492 676 vehementer

113 704 501 756 4hpermovebantur.
563 703 644 741 Hic
673 711 716 741 ut
746 716 927 753 quaeque
954 717 1013 741 res
1040 704 1091 741 ad
1119 702 1327 741 consilium
1356 701 1491 752 primis

158 768 492 816 postulationibus
522 768 773 815 referebatur,
798 767 1039 806 incredibilis
1069 776 1149 806 erat
1180 767 1363 805 severitas
1384 768 1492 805 nulla

157 831 344 870 varietate
374 833 668 871 sententiarum.
729 832 839 870 Nihil
864 832 1090 882 impetrarat
1119 846 1231 870 reus:
1261 833 1349 881 plus
1378 845 1490 870 accu-

159 897 275 934 satori
307 898 475 935 dabatur
506 911 624 947 quam
654 898 904 947 postulabat,
934 896 1202 947 triumphabat
1233 896 1345 947 (quid
1375 909 1491 946 quae-

158 961 207 999 ris
224 962 256 1012 ?)
289 962 527 1001 Hortensius
557 976 599 1001 se
628 962 772 1001 vidisse
802 970 984 1010 tanturn,-
1022 976 1141 1001 nemo
1171 970 1252 1000 erat
1281 961 1348 1012 qui
1379 961 1489 999 illurn

157 1040 267 1064 reum
288 1040 333 1065 ac
354 1041 435 1065 non
465 1027 620 1066 miliens
650 1029 961 1066 condemnatum
987 1027 1245 1065 arbitraretur.
1308 1028 1377 1065 Me
1397 1040 1489 1065 vero

157 1099 257 1131 teste
278 1094 473 1142 producto
494 1095 613 1132 credo
634 1101 672 1132 te
693 1107 739 1131 ex
759 1093 1044 1131 acclamatione
1067 1092 1183 1132 Clodi
1204 1094 1488 1130 advocatorum

157 1157 314 1195 audisse
331 1171 431 1207 quae
453 1158 719 1197 consurrectio
747 1158 923 1196 iudicum
951 1159 1053 1196 facta
1080 1158 1138 1205 sit,
1162 1166 1204 1196 ut
1234 1171 1297 1196 me
1326 1157 1486 1195 circum-

158 1222 344 1269 steterint,
376 1230 418 1261 ut
449 1231 581 1272 aperte
614 1223 745 1272 iugula
779 1237 848 1262 sua
882 1237 952 1273 pro
987 1237 1077 1261 meo
1111 1223 1238 1272 capite
1271 1225 1312 1261 P.
1343 1222 1488 1262 Clodio

157 1287 400 1326 ostentarint.
459 1289 573 1336 Quae
602 1288 697 1326 mihi
725 1302 784 1327 res
816 1290 940 1327 multo
970 1288 1293 1329 honorificentior
1318 1288 1400 1326 visa
1429 1296 1487 1327 est

157 1366 275 1402 quam
296 1360 363 1390 aut
385 1353 458 1399 illa,
476 1367 566 1391 cum
588 1353 712 1392 iurare
733 1353 788 1391 tui
809 1353 913 1392 cives
935 1355 1199 1392 Xenocratem
1217 1353 1487 1392 testimonium

156 1417 355 1456 dicentem
385 1417 682 1468 prohibuerunt,
707 1426 774 1456 aut
794 1432 884 1456 cum
907 1418 1060 1456 tabulas
1087 1418 1239 1457 Metelli
1270 1418 1484 1465 Numidici,

155 1495 246 1520 cum
268 1496 337 1520 eae
358 1490 401 1520 ut
422 1496 508 1520 mos
536 1490 593 1521 est
619 1482 968 1529 circumferrentur,
993 1482 1114 1521 nostri
1142 1482 1292 1521 iudices
1312 1483 1486 1533 aspicere

113 1561 136 1598 5
155 1548 376 1585 noluerunt.
438 1549 569 1586 Multo
595 1549 692 1586 haec
719 1547 880 1597 inquam
907 1556 1039 1586 nostra
1063 1562 1122 1586 res
1151 1548 1283 1586 maior.
1345 1549 1486 1597 Itaque

155 1611 331 1650 iudicum
353 1611 528 1658 vocibus,
552 1626 642 1650 cum
664 1626 737 1661 ego
762 1612 816 1650 sic
843 1613 893 1650 ab
921 1612 966 1650 iis
994 1620 1036 1650 ut
1064 1614 1166 1650 salus
1188 1612 1334 1662 patriae
1354 1614 1486 1651 defen-

154 1677 275 1723 derer,
300 1678 444 1715 fractus
473 1690 561 1715 reus
591 1688 629 1715 et
658 1691 737 1714 una
766 1676 919 1727 patroni
950 1691 1088 1716 omnes
1119 1677 1404 1725 conciderunt,
1433 1679 1484 1716 ad

153 1755 217 1780 me
255 1749 387 1780 autem
427 1743 567 1780 eadem
606 1742 825 1792 frequentia
862 1742 1050 1792 postridie
1089 1742 1274 1780 convenit
1313 1756 1484 1792 quacum

152 1806 299 1845 abiens.
311 1807 518 1844 consulatu
540 1820 626 1844 sum
648 1808 813 1845 domum
835 1808 1030 1845 reductus
1091 1808 1272 1846 Clamare
1297 1807 1482 1856 praeclari

152 1871 405 1921 Ariopagitae
430 1885 471 1909 se
500 1885 580 1909 non
611 1885 697 1910 esse
719 1879 904 1910 venturos
933 1871 1007 1909 nisi
1037 1871 1233 1921 praesidio
1254 1872 1479 1911 constituto.

153 1938 335 1975 Refertur
355 1937 405 1975 ad
427 1936 648 1975 consilium.
709 1939 799 1975 Vna
820 1938 903 1975 sola
923 1936 1117 1975 sententia
1141 1936 1379 1986 praesidium
1402 1951 1483 1976 non

151 2001 397 2039 desideravit.
460 2003 644 2040 Defertur
678 2015 738 2040 res
768 2003 819 2040 ad
850 2009 1041 2040 senatum.
1101 2001 1339 2040 Gravissime
1374 2016 1483 2040 orna-

151 2065 380 2115 tissimeque
407 2066 656 2114 decernitur,
686 2067 894 2104 laudantur
924 2066 1101 2114 iudice53
1135 2067 1249 2104 datur
1278 2067 1481 2116 negotium

194 2181 211 2208 4
238 2170 381 2200 codicum
408 2173 531 2200 lexltmt
560 2170 691 2200 retinuit
711 2169 832 2200 Vahlen
863 2171 888 2210 (⁶
900 2169 1057 2200 Hernzcs'
1087 2171 1176 2209 1891,
1205 2181 1259 2209 pp.
1282 2170 1400 2209 161-5)
1426 2171 1486 2210 qui

145 2218 245 2254 putat
261 2215 411 2244 aerarius
428 2214 513 2244 idem
539 2214 692 2253 elsornm
706 2217 733 2243 el
749 2214 981 2254 significatione
994 2214 1096 2244 valere
1111 2225 1149 2243 ac
1160 2215 1364 2244 nummarius
1382 2227 1388 2245 :
1415 2225 1481 2245 non

151 2264 217 2287 tam
235 2259 356 2287 aerarii
377 2262 411 2287 ut
436 2258 652 2296 appellantur
668 2268 767 2296 quam
785 2258 891 2287 aerati
911 2258 1062 2287 Mat-ems
1084 2258 1204 2295 Tyrrell
1319 2260 1340 2287 6
1364 2263 1481 2297 potue-

150 2306 199 2330 rat
216 2300 406 2330 NHOPM‘*
425 2312 431 2331 ε
456 2306 588 2339 poterat
606 2300 708 2331 EMls
842 2311 858 2340 7
884 2301 1046 2331 mirantes
1064 2301 1204 2341 Madvtjg
1360 2311 1398 2331 10
1423 2302 1480 2331 im-

150 2349 298 2383 petrarat
315 2343 402 2374 codd.
424 2343 527 2374 Reid:
554 2345 677 2374 -trabat
695 2343 790 2375 Man.
899 2354 933 2374 11
961 2345 1055 2385 (quid
1072 2345 1207 2384 quaeris
1220 2344 1244 2384 2>
1270 2348 1481 2385 transponen-

149 2387 231 2418 dum
247 2391 322 2417 ante
338 2397 437 2417 nemo
455 2387 534 2419 coni.
554 2387 594 2417 M
595 2388 683 2426 iiller,
698 2388 904 2429 probabiliter

1511 846 1551 869 10

1512 1171 1547 1204 ¹5

1508 1497 1547 1518 20

1505 1820 1542 1852 ²5

1772 1416 1775 1428 Ἦ
1771 1251 1778 1390 .-.-..-ή.
1771 1086 1781 1245 ψ-Μ
1777 1056 1781 1083 ..a
