1817 2832
159 123 252 160 VII.
276 121 322 159 iii
663 119 719 156 M.
752 117 920 155 TVLLI
952 115 1259 156 CICERONIS

289 234 455 272 fabellae
475 237 634 282 propter
654 228 888 279 elegantiam
911 226 1103 266 sermonis
1123 226 1362 277 putabantur
1380 238 1404 264 a
1424 225 1468 265 C.
1486 222 1621 263 Laelio

289 297 416 344 scribi,

397 360 520 399 ‘Heri
549 360 699 410 aliquot
728 357 1015 398 adulescentuli
1044 356 1211 396 colimus
1239 355 1281 394 in
1310 354 1515 403 Piraeum}

289 434 327 466 et
348 426 464 473 idem,

455 490 674 530 ‘Mercator
703 492 780 528 hoc
809 488 994 536 addebat,
1025 495 1181 539 captam
1211 501 1232 526 e
1262 485 1409 525 Sunio!
1644 499 1661 531 5

292 557 412 606 Quod
448 556 480 595 si
518 557 655 607 δήμους
688 555 837 606 oppida
870 556 1052 593 volumus
1091 566 1186 600 esse,
1221 560 1301 591 tam
1340 558 1398 590 est
1432 550 1624 601 oppidum

292 622 458 661 Sunium
493 635 612 672 quam
647 621 817 659 Piraeus.
878 621 956 659 Sed
987 618 1176 669 quoniam
1205 616 1482 668 grammaticus
1512 629 1563 663 es,
1593 615 1625 654 si

292 688 368 725 hoc
390 687 486 724 mihi
506 689 653 737 ζήτημα
672 684 913 736 persolveris,
937 697 1079 734 magna
1100 697 1163 722 me
1184 682 1364 721 molestia
1383 680 1567 719 liberaris.

237 768 273 794 11
348 753 419 790 Ille
441 752 536 790 mihi
557 752 702 790 litteras
723 752 889 789 blandas
905 749 1022 787 mittit
1040 764 1049 796 3
1079 748 1172 786 facit
1192 747 1299 786 idern
1312 760 1383 797 pro
1401 759 1448 784 eo
1463 746 1621 784 Balbus.

292 817 394 854 Mihi
415 825 565 855 certum
586 824 643 855 est
663 817 713 854 ab
735 814 1013 853 honestissima
1026 812 1220 852 sententia
1233 811 1398 861 digitum
1416 824 1621 860 nusquam.
1647 826 1685 848 10

291 883 369 920 Sed
383 881 457 919 scis
471 881 526 919 illi
546 881 740 930 reliquum
757 887 950 929 quantum
970 878 1029 916 sit.
1090 880 1261 916 Putasne
1281 876 1396 926 igitur
1408 876 1625 914 verendum

291 960 376 985 esse
406 960 455 984 ne
483 954 550 984 aut
580 946 726 984 obiciat
755 944 795 983 id
825 944 940 982 nobis
969 942 1121 993 aliquis,
1153 942 1184 980 si
1214 940 1446 991 languidius,
1476 947 1543 979 aut
1572 953 1626 978 re-

290 1018 407 1062 petat,
449 1011 481 1049 si
519 1011 684 1050 fortius?
753 1009 862 1058 Quid
899 1010 951 1047 ad
989 1009 1088 1046 haec
1125 1006 1302 1057 reperis?
1374 1006 1626 1044 ‘Solvamus’

291 1076 433 1126 inquis.
491 1079 586 1126 Age,
610 1090 632 1114 a
653 1074 790 1115 Caelio
820 1072 1097 1111 mutuabimur.
1159 1074 1253 1110 Hoc
1282 1078 1323 1109 tu
1348 1078 1480 1108 tamen
1501 1069 1626 1108 consi-

292 1142 405 1180 deres
425 1141 566 1188 velim,
596 1148 694 1190 puto
722 1139 840 1185 enim,
863 1138 902 1176 in
932 1146 1070 1176 senatu
1097 1137 1129 1175 si
1155 1137 1317 1186 quando
1337 1136 1533 1186 praeclare
1554 1148 1623 1185 pro
1647 1150 1683 1182 15

292 1220 333 1245 re
366 1205 525 1256 publica
555 1205 700 1252 dixero,
734 1203 977 1242 Tartessium
1016 1202 1135 1240 istum
1170 1209 1282 1240 tuum
1321 1200 1417 1238 mihi
1454 1200 1624 1248 exeunti,

297 1271 423 1309 ‘Iube
444 1272 559 1309 sodes
580 1283 766 1308 nummos
786 1269 944 1306 curare.'

231 1347 274 1374 12
349 1335 458 1384 Quid
480 1336 688 1385 superest?
745 1333 886 1371 Etiam.
947 1334 1079 1370 Gener
1098 1338 1157 1370 est
1186 1330 1314 1369 suavis
1335 1330 1442 1377 mihi,
1458 1330 1622 1377 Tulliae,

293 1400 511 1439 Terentiae.
572 1398 836 1449 Quantumvis
857 1399 917 1436 vel
939 1397 1070 1447 ingeni
1090 1398 1151 1435 vel
1171 1395 1436 1442 humanitatis,
1459 1395 1601 1435 †satis†
1616 1410 1626 1443 3

292 1466 451 1516 reliqua,
468 1478 569 1515 quae
589 1463 703 1511 nosti,
726 1464 898 1502 ferenda.
958 1462 1041 1501 Seis
1061 1461 1167 1500 enim
1188 1474 1288 1511 quos
1309 1460 1621 1511 †aperierimus†.
1646 1475 1686 1497 20

294 1531 375 1580 Qui
404 1544 544 1569 omnes
572 1537 723 1580 praeter
743 1542 834 1567 eum
855 1529 905 1566 de
930 1541 1009 1577 quo
1038 1540 1107 1577 per
1136 1534 1174 1564 te
1198 1526 1360 1576 egimus,
1383 1529 1541 1565 †reuni†
1562 1540 1625 1564 me

293 1598 476 1635 facerent.
548 1594 649 1644 Ipsis
688 1594 794 1632 enim
833 1606 1049 1642 expensum
1088 1605 1207 1630 nemo
1245 1593 1351 1629 feret.
1411 1592 1489 1629 Sed
1527 1592 1625 1629 haec

294 1674 455 1708 coram,
483 1673 575 1697 narn
606 1658 718 1696 multi
748 1657 939 1696 sermonis
969 1664 1068 1694 sunt.
1128 1656 1285 1694 Tironis
1315 1655 1515 1694 reficiendi
1536 1669 1624 1706 spes

294 1733 353 1764 est
382 1725 422 1762 in
453 1725 520 1762 Μ’.
549 1722 681 1770 Curio,
703 1722 766 1760 cui
796 1735 869 1771 ego
899 1721 1033 1770 scripsi
1063 1720 1134 1759 tibi
1164 1734 1255 1759 eum
1281 1720 1543 1770 gratissimum
1575 1722 1626 1758 fa-

294 1798 459 1829 cturum.
520 1790 624 1826 Data
644 1799 669 1824 v
690 1788 786 1825 Idus
810 1786 1019 1824 Decembr.
1039 1799 1063 1823 a
1084 1785 1227 1823 Pontio
1247 1799 1293 1823 ex
1313 1785 1550 1823 Trebulano.
1647 1800 1661 1820 2
1667 1799 1684 1830 5

339 1903 359 1932 3
385 1892 506 1923 Piraeo
534 1891 650 1923 codices
679 1891 804 1922 Terenti
827 1891 918 1922 Eun.
948 1900 1012 1929 539
1148 1900 1185 1921 12
1210 1894 1284 1920 ante
1310 1894 1444 1929 repetat
1470 1889 1543 1921 add.
1572 1889 1627 1920 ille

294 1937 427 1968 Ernesti
560 1946 597 1974 17
622 1945 740 1966 curare
766 1933 844 1964 Ml:
880 1934 943 1964 -ari
968 1933 1023 1963 M²
1160 1935 1198 1964 18
1222 1933 1311 1972 Quid
1338 1933 1525 1964 Corradus:
1561 1933 1626 1971 Qui

294 1980 382 2011 codd.
403 1992 409 2010 z
445 1979 544 2018 Quod
572 1979 658 2009 Crat.
842 1989 880 2017 19
903 1978 1001 2012 satis]
1026 1977 1109 2008 satis
1136 1983 1188 2008 est
1214 1976 1422 2007 Monunscn:
1457 1977 1627 2007 comitatis

295 2024 378 2055 satis
398 2023 447 2064 icf.
468 2024 509 2053 vi.
530 2024 560 2053 6.
585 2030 615 2061 1)
633 2023 683 2052 vel
699 2022 779 2052 satis
804 2022 979 2060 dignitatis
996 2020 1169 2052 Lehmann
1186 2021 1292 2059 :som
1313 2022 1355 2051 sit
1372 2021 1454 2051 satis
1586 2031 1628 2050 20

295 2078 380 2106 quos
397 2067 631 2105 aperuerimus
648 2065 729 2096 Ant.
749 2065 794 2095 O2
814 2066 912 2095 Rom.
928 2064 947 2094 I
962 2065 1102 2104 Tyrrcll:
1125 2075 1210 2103 quos
1227 2065 1470 2103 appetierimus
1484 2064 1629 2093 Μυκηνη-

295 2121 351 2141 sen
366 2121 372 2140 z
398 2110 454 2149 qui
471 2120 533 2140 nos
551 2109 757 2148 appetierint
775 2108 891 2138 Goelz:
915 2118 999 2146 quos
1016 2108 1238 2138 abiecerimus
1255 2107 1341 2138 Reid
1449 2118 1487 2137 21
1516 2105 1626 2147 reum]

298 2164 367 2183 rem
384 2153 505 2183 Rosius
519 2165 526 2183 ι
541 2153 622 2192 sort.
637 2163 707 2182 rem
722 2163 741 2182 a
761 2162 794 2185 ru
812 2163 849 2181 ex
866 2162 883 2181 a
901 2152 1026 2191 aperta)
1119 2162 1159 2182 22
1185 2151 1336 2182 facerent
1351 2150 1467 2181 NO¹P
1481 2149 1627 2179 Momm-

296 2207 372 2226 sen:
403 2197 514 2227 facere
544 2201 661 2226 rentur
678 2200 726 2226 A:
760 2195 953 2226 facerentur
979 2194 1021 2225 0²
1120 2194 1206 2225 feret
1230 2193 1281 2226 N:
1316 2195 1422 2225 ferret
1445 2193 1527 2225 Ant.
1550 2192 1632 2224 O¹P

297 2240 494 2270 Lehmann:
519 2240 639 2270 offeret
664 2244 691 2269 Δ
