1790 2837
131 149 162 187 Ι.
185 149 263 186 xix
546 149 602 187 M.
634 147 803 186 TVLLI
835 147 1141 187 CICERONIS

173 266 379 310 praestem,
398 258 555 310 privatis
578 259 675 298 meis
696 259 812 298 rebus
833 268 992 309 propter
1012 258 1277 298 infirmitatem
1293 259 1499 307 bonorum,

173 323 419 374 iniquitatem
450 326 743 372 malevolorum,
767 324 904 362 odium
934 323 974 361 in
1004 338 1067 362 me
1096 323 1366 374 improborum
1395 325 1503 363 adhi-
1537 324 1539 328 ’

174 389 289 427 bearn
310 391 512 439 quandam
541 389 767 428 cautionem
795 397 833 427 et
859 388 1103 439 diligentiam
1123 396 1241 439 atque
1262 389 1325 436 ita,
1349 389 1503 428 tametsi

173 453 232 492 his
255 453 365 492 novis
385 453 566 492 amicitiis
587 453 775 504 implicati
796 467 942 500 sumus,
965 460 1008 491 ut
1035 454 1172 491 crebro
1199 453 1295 490 mihi
1314 455 1420 492 vafer
1439 453 1503 492 ille

172 517 326 556 Siculus
347 518 560 557 insusurret
582 518 842 569 Epicharmus
864 517 1101 556 cantilenam
1122 516 1227 555 illam
1249 530 1383 557 suam:
1523 528 1540 559 5

258 587 355 632 νᾶφε
384 584 444 621 καὶ
471 584 631 633 μέμνασ’
661 586 842 621 ἀπιστεῖν·
884 583 1001 632 ἄρθρα
1028 585 1143 620 ταῦτα
1170 586 1238 620 τᾶν
1266 586 1419 632 φρενῶν.

172 649 232 686 Ac
253 655 408 687 nostrae
430 647 593 698 quidem
609 647 769 687 rationis
789 660 835 686 ac
855 647 956 686 vitae
977 646 1089 697 quasi
1105 647 1306 696 quandam
1322 648 1500 695 formam,

171 720 214 752 ut
235 713 385 764 opinor,
409 713 530 752 vides.

124 789 152 826 9
229 779 291 816 De
312 785 380 816 tuo
400 785 533 816 autem
560 777 718 828 negotio
739 791 856 827 saepe
883 777 935 815 ad
961 790 1024 815 me
1049 775 1196 815 scribis.
1258 776 1333 816 Cui
1354 776 1503 815 mederi

171 856 279 881 nunc
313 856 394 881 non
430 856 665 893 possumus3
707 849 765 880 est
800 841 906 880 enim
951 841 1048 879 illud
1080 849 1238 879 senatus
1277 843 1502 880 consultum
1524 855 1561 877 10

171 919 328 945 summa
360 907 612 957 pedariorum
640 908 843 945 voluntate
872 905 1016 944 nullius
1055 913 1233 944 nostrum
1271 905 1502 945 auctoritate

170 973 329 1011 factum.
391 973 496 1011 Nam
517 973 626 1022 quod
648 986 711 1010 me
738 985 824 1010 esse
853 973 904 1010 ad
929 971 1182 1010 scribendum
1204 971 1325 1018 vides,
1349 985 1396 1009 ex
1416 971 1501 1021 ipso

171 1045 329 1077 senatus
359 1040 540 1077 consulto
561 1037 786 1087 intellegere
814 1044 927 1087 potes
956 1036 1072 1075 aliam
1102 1050 1184 1075 rem
1214 1044 1298 1075 tum
1328 1038 1499 1083 relatam,

171 1104 248 1141 hoc
268 1110 401 1142 autem
423 1104 473 1141 de
494 1102 650 1153 populis
672 1101 802 1141 liberis
824 1101 908 1140 sine
924 1115 1042 1140 causa
1062 1101 1253 1141 additum.
1307 1103 1357 1139 Et
1378 1101 1431 1139 ita
1450 1102 1502 1139 fa-

171 1177 279 1208 ctum
300 1177 358 1208 est
378 1183 401 1208 a
422 1171 463 1207 P.
488 1169 650 1208 Servilio
664 1168 743 1207 filio
760 1168 828 1218 qui
848 1167 888 1206 in
909 1167 1116 1218 postremis
1133 1167 1368 1206 sententiam
1390 1166 1496 1214 dixit,
1522 1180 1559 1211 15

171 1235 242 1273 sed
271 1233 468 1272 immutari
498 1235 574 1272 hoc
601 1241 778 1283 ternpore
805 1247 886 1271 non
913 1240 1052 1283 potest.
1113 1234 1253 1282 ltaque
1283 1239 1500 1270 conventus

171 1299 239 1349 qui
260 1299 372 1338 initio
396 1299 696 1337 celebrabantur
717 1298 796 1336 iarn
823 1298 891 1336 diu
912 1297 995 1336 fieri
1017 1296 1227 1335 desierunt.
1287 1298 1350 1334 Tu
1372 1296 1403 1334 si
1425 1296 1500 1335 tuis

170 1364 371 1403 blanditiis
405 1372 538 1402 tamen
569 1378 592 1402 a
622 1362 814 1413 Sicyoniis
843 1363 1139 1401 nummulorum
1169 1361 1319 1412 aliquid
1351 1375 1502 1411 expres-

171 1429 275 1476 seris,
299 1428 416 1467 velim
439 1442 501 1468 me
521 1428 640 1467 facias
662 1428 877 1467 certiorem.

103 1505 152 1532 10
226 1494 567 1533 Commentarium
588 1495 816 1532 consulatus
843 1493 920 1532 mei
947 1495 1098 1532 Graece
1125 1492 1390 1543 compositum
1412 1491 1500 1530 misi
1521 1505 1561 1527 20

170 1561 221 1599 ad
243 1567 290 1598 te.
343 1561 391 1598 In
412 1573 491 1608 quo
512 1558 543 1597 si
564 1558 659 1608 quid
681 1557 751 1596 erit
772 1559 880 1608 quod
901 1558 1053 1596 homini
1077 1557 1212 1596 Attico
1233 1557 1362 1595 minus
1384 1558 1501 1595 Grae-

170 1639 261 1664 cum
282 1624 559 1673 eruditumque
579 1623 766 1669 videatur,
790 1637 871 1661 non
897 1623 1028 1662 dicam
1049 1624 1159 1673 quod
1179 1622 1260 1670 tibi,
1284 1630 1326 1661 ut
1347 1621 1498 1672 opinor,

171 1688 385 1729 Panhormi
406 1690 594 1726 Lucullus
621 1689 672 1726 de
698 1687 777 1726 suis
805 1687 975 1726 historiis
1004 1688 1162 1734 dixerat,
1187 1702 1228 1726 se
1249 1700 1328 1737 quo
1348 1686 1500 1725 facilius

169 1755 253 1794 illas
278 1754 460 1805 probaret
491 1753 663 1791 Romani
697 1752 870 1792 hominis
899 1766 985 1792 esse
1015 1752 1162 1791 idcirco
1192 1752 1356 1791 barbara
1385 1765 1501 1801 quae—

170 1821 262 1859 dam
284 1827 321 1857 et
343 1820 500 1857 σόλοικα
520 1817 748 1868 dispersisse
764 1832 774 1865 ς
803 1819 910 1868 apud
927 1832 990 1856 me
1011 1817 1043 1856 si
1064 1817 1160 1868 quid
1181 1817 1251 1856 erit
1272 1817 1355 1856 eius
1376 1816 1496 1863 modi,
1520 1829 1558 1862 25

171 1898 233 1923 me
264 1884 513 1934 imprudente
540 1882 610 1921 erit
637 1890 675 1921 et
702 1882 835 1921 invito.
897 1882 1083 1921 Latinum
1105 1882 1136 1921 si
1157 1883 1366 1932 perfecero,
1389 1882 1441 1919 ad
1461 1889 1500 1920 te

170 1948 333 1987 mittam.
392 1947 569 1986 Tertium
600 1961 742 1998 poema
762 1955 1002 1998 exspectato,
1023 1961 1073 1986 ne
1100 1948 1208 1997 quod
1234 1960 1357 1996 genus
1383 1960 1406 1984 a
1436 1959 1499 1984 me

169 2013 255 2064 ipso
286 2012 411 2051 laudis
439 2026 550 2050 meae
577 2012 916 2062 praetermittatur.
978 2012 1059 2050 Hic
1089 2019 1130 2050 tu
1160 2025 1255 2049 cave
1284 2011 1416 2049 dicas:
1445 2012 1499 2052 τίς

168 2079 293 2128 πατέρ’
320 2078 486 2127 αἰνήσει;
520 2077 560 2116 Si
587 2084 645 2116 est
672 2076 778 2115 enim
805 2078 913 2127 apud
940 2076 1121 2115 homines
1148 2075 1361 2126 quicquam
1389 2077 1498 2125 quod

211 2191 230 2220 3
256 2181 388 2212 tametsi
407 2181 457 2212 his
475 2181 580 2212 Boot:
619 2180 753 2211 tametsi
771 2180 819 2210 eis
841 2179 906 2211 cod.
920 2179 1118 2220 Poggt'anus
1141 2179 1215 2210 Hs:
1254 2184 1366 2209 tamen
1392 2179 1419 2209 si
1446 2180 1496 2210 eis

167 2225 351 2256 alitcoddff
379 2230 489 2255 tamen
509 2225 582 2255 istis
605 2224 796 2264 chsenberg
930 2234 966 2261 14
991 2224 1063 2254 sine
1089 2234 1191 2254 causa
1211 2222 1323 2254 codd:
1357 2228 1496 2253 senatus

168 2269 324 2299 consulto
341 2269 420 2299 coni.
444 2268 567 2298 Orelli:
591 2268 622 2297 in
642 2278 714 2298 eam
733 2277 867 2297 causam
886 2265 1026 2307 Madvig
1112 2267 1156 2297 ita
1177 2266 1316 2306 facturn]
1336 2267 1495 2296 infastum

167 2311 307 2351 lllmlwg
397 2321 432 2350 17
458 2312 485 2341 si
504 2322 569 2341 om.
591 2311 655 2341 cod.
670 2311 864 2351 Poggsanus
879 2310 934 2340 lls
1023 2321 1064 2350 23
1090 2309 1289 2350 Panhormi]
1307 2310 1377 2349 pari
1397 2310 1494 2339 modo

167 2355 232 2385 cod.
253 2354 342 2386 Add.
357 2356 442 2393 6793
457 2355 491 2384 1'n
505 2354 621 2384 Museo
635 2354 823 2384 Britmtnico
911 2363 951 2393 25
978 2353 1111 2385 σόλοικα
1135 2354 1248 2384 codices
1267 2353 1470 2393 Malaspinae
1488 2364 1495 2383 :

167 2399 300 2430 solocca
318 2397 345 2427 L
365 2398 507 2439 (flung.)
526 2397 676 2428 EO‘RP
691 2409 697 2428 :
720 2397 830 2428 soleta
846 2397 910 2428 cod.
931 2397 1145 2439 Poggicmns:
1170 2398 1322 2428 obsoleta
1339 2407 1354 2427 s
1371 2400 1441 2427 velt.
