1790 2837
609 149 721 187 EPP.
753 150 831 186 AD
860 148 1119 187 ATTICVM
1522 146 1552 185 Ι.
1576 146 1653 183 xix

155 276 160 283 ·
204 261 403 309 quendam
432 258 634 298 tribunum
663 261 726 310 pl„
757 259 938 298 tribulem
968 267 1080 297 tuum
1111 272 1204 297 sane
1233 258 1435 297 hominem
1465 271 1529 296 ne-

203 337 322 373 quam
351 331 470 373 atque
500 333 695 373 egentem,
725 338 841 373 saepe
871 324 948 362 iam
979 325 1029 362 de
1057 326 1097 361 P.
1118 323 1261 362 Clodio
1290 325 1341 361 ad
1371 323 1526 373 plebem

203 390 448 426 traducendo
477 402 590 439 agere
619 388 805 438 coepisse.
867 388 974 426 Huic
1008 390 1230 438 frequenter
1264 387 1525 426 interceditur.

206 454 321 491 Haec
341 461 440 499 sunt,
465 461 507 491 ut
528 453 677 503 opinor,
701 453 739 490 in
762 467 801 491 re
821 453 987 502 publica.

145 517 187 557 '5
260 519 345 567 Ego
382 527 525 564 autem,
567 526 609 556 ut
647 519 767 556 semel
807 519 1011 555 Nonarum
1055 517 1206 556 illarum
1246 517 1575 557 Decembriumfi

203 581 379 620 iunctam
406 583 553 621 invidia
578 596 624 621 ac
655 584 867 620 multorum
892 582 1104 621 inimicitiis
1125 583 1306 621 eximiam
1328 584 1527 632 quandam

203 656 320 698 atque
363 648 626 686 immortalem
664 648 825 698 gloriam
865 656 1100 686 consecutus
1139 662 1236 694 sum,
1278 661 1359 686 non
1398 646 1528 685 destiti

204 715 344 752 eadem
378 714 499 752 animi
535 714 806 763 magnitudine
838 713 877 751 in
912 728 951 752 re
985 714 1143 764 publica
1175 713 1317 752 versari
1351 721 1388 752 et
1423 713 1528 751 illam

205 778 423 816 institutam
450 792 495 816 ac
521 786 742 828 susceptam
765 778 995 828 dignitatem
1021 778 1129 825 tueri,
1154 780 1223 817 sed
1248 786 1384 829 postea
1411 791 1529 828 quam

150 861 189 883 10
207 843 374 894 primum
409 843 525 882 Clodi
555 843 803 882 absolutione
833 844 1030 881 levitatem
1060 843 1405 893 infirmitatemque
1434 842 1531 881 iudi-

206 909 355 947 ciorum
389 909 578 959 perspexi,
616 908 760 947 deinde
792 909 871 947 vidi
911 918 1064 948 nostros
1098 909 1330 959 publicanos
1363 908 1475 946 facile
1507 921 1532 946 a

204 982 341 1012 senatu
380 973 539 1023 diiungi,
578 987 816 1023 quamquam
852 988 875 1012 a
910 987 972 1012 me
1006 974 1092 1024 ipso
1123 988 1204 1012 non
1243 974 1527 1018 divellerentur,

202 1046 286 1076 tum
320 1047 451 1076 autem
488 1039 624 1076 beatos
660 1038 851 1085 homines,
888 1039 960 1076 hos
999 1038 1227 1088 piscinarios
1259 1038 1349 1076 dico
1382 1037 1531 1075 amicos

202 1111 304 1150 tuos,
324 1116 405 1141 non
426 1103 592 1141 obscure
613 1102 727 1140 nobis
750 1103 933 1149 invidere,
957 1102 1090 1152 putavi
1111 1102 1208 1140 mihi
1234 1102 1399 1141 maiores
1420 1115 1532 1151 quas-

146 1184 183 1215 15
202 1170 295 1207 dam
331 1181 426 1218 opes
465 1175 503 1206 et
542 1167 712 1206 firmiora
748 1168 941 1217 praesidia
977 1181 1061 1206 esse
1096 1168 1330 1216 quaerenda.
1392 1168 1574 1216 Itaque7

200 1233 381 1283 primum,
419 1247 509 1271 eum
542 1232 609 1282 qui
643 1232 808 1270 nimium
840 1232 907 1270 diu
943 1233 993 1270 de
1024 1233 1140 1270 rebus
1174 1231 1315 1269 nostris
1347 1239 1532 1278 tacuerat,

204 1298 438 1348 Pompeium
473 1297 619 1336 adduxi
659 1297 699 1335 in
735 1311 821 1335 eam
858 1286 1101 1334 voluntatem
1132 1304 1175 1334 ut
1205 1296 1246 1333 in
1280 1304 1417 1334 senatu
1451 1309 1531 1333 non

203 1365 323 1401 semel
353 1364 422 1400 sed
453 1376 568 1412 saepe
600 1362 810 1411 multisque
840 1361 967 1399 verbis
999 1361 1113 1399 huius
1144 1360 1240 1398 mihi
1270 1362 1434 1398 salutem
1465 1360 1533 1398 im-

203 1427 284 1477 peri
305 1435 424 1477 atque
445 1427 549 1465 orbis
571 1434 757 1465 terrarum
780 1426 1038 1473 adiudicarit3
1069 1427 1177 1475 quod
1208 1439 1288 1463 non
1316 1433 1394 1463 tam
1420 1425 1532 1463 inter-

145 1505 184 1527 20
202 1492 273 1530 fuit
308 1505 396 1530 mea
430 1491 576 1542 (neque
611 1491 715 1529 enim
749 1491 836 1529 illae
872 1505 931 1529 res
962 1498 1028 1528 aut
1060 1490 1114 1528 ita
1145 1498 1235 1527 sunt
1267 1490 1456 1528 obscurae
1490 1497 1533 1528 ut

201 1557 481 1603 testimonium,
523 1565 589 1595 aut
628 1556 681 1594 ita
720 1556 863 1594 dubiae
902 1563 944 1594 ut
983 1555 1250 1593 laudationem
1291 1554 1532 1605 desiderent)

201 1636 319 1673 quarn
347 1622 401 1661 rei
425 1622 620 1672 publicae,
641 1623 749 1671 quod
777 1628 886 1659 erant
907 1620 1067 1670 quidam
1096 1619 1265 1670 improbi
1287 1619 1353 1669 qui
1375 1628 1534 1658 conten-

201 1688 350 1726 tionem
378 1690 459 1726 fore
485 1688 657 1737 aliquam
686 1686 781 1724 mihi
809 1700 899 1724 cum
929 1685 1120 1735 Pompeio
1148 1699 1195 1723 ex
1224 1698 1353 1723 rerum
1379 1684 1532 1722 illarum

201 1753 446 1792 dissensione
466 1753 752 1791 arbitrarentur.
814 1753 917 1791 Cum
938 1752 1015 1789 hoc
1036 1764 1108 1799 ego
1130 1764 1193 1788 me
1215 1758 1322 1788 tanta
1343 1749 1534 1787 familiari-

144 1829 181 1860 25
202 1825 280 1856 tate
301 1817 486 1856 coniunxi
512 1825 555 1856 ut
582 1826 746 1867 uterque
767 1825 944 1855 nostrum
966 1815 1005 1853 in
1027 1828 1097 1853 sua
1118 1814 1268 1853 ratione
1289 1814 1475 1852 munitior
1494 1821 1532 1852 et

201 1883 240 1920 in
270 1896 310 1921 re
339 1883 498 1932 publica
528 1882 673 1920 firmior
702 1884 776 1920 hac
807 1880 1085 1919 coniunctione
1119 1893 1203 1918 esse
1236 1878 1368 1928 possit.
1429 1878 1532 1917 Odia
1552 1880 1576 1917 8

199 1955 331 1986 autem
353 1948 417 1986 illa
438 1948 671 1986 libidinosae
703 1955 740 1986 et
770 1947 960 1985 delicatae
989 1944 1200 1983 iuventutis
1224 1957 1325 1994 quae
1354 1951 1462 1982 erant
1491 1943 1530 1981 in

201 2026 264 2050 me
280 2012 439 2051 incitata
452 2012 507 2051 sic
529 2013 702 2063 mitigata
716 2020 806 2050 sunt
822 2012 1006 2050 comitate
1026 2011 1197 2060 quadam
1214 2022 1302 2047 mea
1323 2022 1386 2047 me
1406 2022 1529 2046 unum

200 2084 243 2114 ut
276 2091 414 2115 omnes
446 2078 499 2115 illi
529 2080 684 2125 colant3
714 2078 809 2115 nihil
838 2077 914 2115 iam
940 2076 1111 2126 denique
1142 2089 1166 2113 a
1194 2089 1257 2113 me
1283 2088 1464 2124 asperum
1490 2074 1528 2112 in

143 2155 182 2186 30
201 2155 441 2191 quemquam
462 2144 504 2180 fit
525 2156 598 2181 nec
619 2150 750 2181 tamen
771 2142 981 2192 quicquam
1004 2143 1191 2190 populare
1213 2153 1258 2177 ac
1280 2140 1525 2184 dissolutum,

201 2207 270 2244 sed
291 2206 344 2243 ita
364 2213 579 2256 temperata
599 2214 681 2245 tota
702 2206 798 2245 ratio
826 2214 882 2244 est
909 2213 951 2244 ut
978 2205 1031 2244 rei
1061 2205 1242 2255 publicae
1265 2203 1525 2242 constantiam

249 2311 286 2341 18
311 2311 412 2341 huius
427 2309 519 2340 Man.
538 2321 545 2340 ε
561 2310 630 2340 suis
641 2308 726 2340 codd.
819 2319 924 2347 22-24
949 2309 1103 2347 publicae
1119 2319 1126 2347 ;
1149 2309 1236 2348 quod
1253 2333 1259 2339 .
1280 2333 1306 2339 ..
1322 2309 1525 2339 arbitraren-

202 2359 266 2385 tur,
287 2364 361 2383 cum
378 2354 423 2384 ita
441 2354 642 2393 interpunxit
663 2353 850 2394 li'esenbcrg
936 2355 978 2384 26
1003 2354 1036 2384 in
1057 2352 1110 2393 re]
1132 2363 1186 2383 res
1209 2352 1396 2383 Gronovius
1484 2362 1526 2392 29

203 2396 285 2438 iam]
303 2398 392 2428 enim
414 2397 477 2428 cod.
498 2397 692 2437 Poggt'anns
