1790 2837
705 153 1029 192 PRAEFATIO

200 264 394 315 gesimum
414 276 563 302 annum
585 276 621 313 p.
645 263 690 302 C.
709 276 762 310 n.,
778 275 975 313 nusquam
997 262 1265 313 Epistularum
1285 265 1336 302 ad
1352 263 1530 302 Atticum

200 329 428 369 testimonio
459 328 594 366 nititur
623 341 672 366 ne
707 327 775 366 ubi
805 327 968 377 quidem
1000 328 1169 367 maxime
1198 342 1298 378 opus
1328 331 1463 378 erat¹3
1492 337 1530 368 et

199 396 310 433 locus
331 394 371 432 in
393 395 566 432 Senecae
587 392 745 442 dialogo
766 407 798 430 x.
824 404 842 442 5
863 406 909 431 ex
929 392 1097 442 epistula
1116 394 1167 431 ad
1184 392 1329 431 Axium
1345 394 1528 441 adfertur,

200 459 335 497 utiam
353 458 510 508 Lipsius
530 457 641 505 vidit,
658 471 738 496 non
760 471 806 496 ex
826 457 993 508 epistula
1013 459 1064 496 ad
1080 457 1254 496 Atticum
1274 460 1297 496 ².
1347 460 1425 497 Sed
1441 466 1530 509 post

198 538 347 563 annum
375 523 660 573 sexagesimum
682 537 718 573 p.
742 524 786 562 C.
809 537 845 561 n.
869 524 977 561 locos
1004 537 1051 561 ex
1076 523 1265 573 Epistulis
1285 525 1336 562 ad
1352 524 1529 562 Atticum

198 592 349 629 Seneca
365 590 387 627 i.
409 592 465 627 16.
485 601 529 639 5:
565 603 622 627 12.
651 603 665 626 1
690 588 810 639 (Epp.
841 600 902 638 97.
931 602 979 636 4:
1014 590 1098 626 118.
1120 588 1167 640 1),
1185 588 1453 637 Quintilianus
1480 589 1527 628 ix.

202 669 259 693 10.
284 658 307 692 6
324 655 416 705 (viii.
442 669 475 705 3.
501 652 579 705 32),
603 654 814 693 Suetonius
842 653 904 692 xii.
930 656 989 691 26.
1016 668 1034 692 2
1059 652 1126 705 (de
1149 653 1425 693 Grammaticis
1451 654 1529 705 14),

200 720 351 760 Gellius
372 720 420 758 ix.
447 731 480 769 5.
506 733 525 757 2
550 719 613 770 (iv.
638 733 672 768 9.
697 721 737 769 6)
759 720 972 768 proferunt.

252 787 418 825 Saeculo
457 792 597 835 quarto
639 786 748 823 locos
783 798 829 823 ex
862 784 1051 834 Epistulis
1090 785 1141 824 ad
1176 784 1354 823 Atticum
1394 785 1528 824 laudat

197 851 354 889 Nonius
382 864 466 900 eg.
490 850 526 888 ii.
553 862 585 899 7.
611 862 629 899 5
654 848 761 900 (214.
788 849 841 900 2),
862 849 910 887 iv.
938 852 995 888 16.
1024 864 1125 887 10=
1143 851 1201 888 18.
1227 864 1246 887 2
1270 849 1349 900 (90.
1378 849 1429 901 Ι),
1450 849 1525 888 viii.

201 930 244 954 11
281 928 318 954 D.
353 929 374 965 3
404 915 509 965 (293.
544 915 623 966 37),
652 914 698 953 ix.
735 926 767 965 5.
803 929 820 952 2
854 914 961 964 (379.
996 914 1046 965 2),
1074 929 1133 953 xv.
1170 928 1206 962 4.
1240 929 1258 952 2
1292 914 1398 966 (479.
1436 914 1527 966 17);

195 981 371 1031 itemque
400 980 602 1020 Charisius
623 980 698 1018 viii.
727 994 757 1018 1.
784 993 815 1026 2,
840 980 912 1018 xvi.
937 994 970 1030 3.
999 994 1013 1017 1
1049 979 1156 1030 (192.
1178 994 1240 1030 23,
1263 994 1312 1027 24
1332 981 1393 1019 ed.
1418 980 1527 1031 Keil)

196 1054 234 1086 et
263 1046 481 1085 Diomedes
509 1046 531 1085 i.
568 1059 625 1093 14.
651 1059 672 1095 3
695 1045 802 1096 (410.
830 1045 880 1095 7).
941 1047 1015 1083 Per
1043 1045 1218 1084 medium
1248 1059 1388 1084 aevum
1418 1047 1527 1095 quod

194 1120 358 1150 vocatur
380 1111 584 1161 Epistulae
604 1112 655 1150 ad
678 1110 853 1149 Atticum
884 1123 1021 1160 parum
1043 1117 1152 1149 erant
1173 1110 1364 1160 cognitae,
1389 1111 1458 1149 sed
1480 1123 1527 1148 ex

195 1179 375 1227 catalogo
409 1175 677 1216 bibliothecae
713 1175 1068 1214 Laurisheimensis
1100 1175 1246 1214 saeculi
1278 1175 1423 1214 decimi
1455 1189 1525 1225 pro

195 1250 303 1281 certo
333 1243 526 1281 habemus
557 1241 611 1280 ibi
641 1241 857 1291 repositum
888 1254 973 1280 esse
1003 1242 1142 1279 harum
1171 1240 1438 1291 Epistularum
1465 1254 1526 1279 co-

194 1308 324 1347 dicem
365 1308 594 1358 quendam3
626 1321 706 1357 quo
745 1314 883 1357 postea
916 1307 1134 1346 Cratander
1168 1319 1261 1344 usus
1293 1313 1376 1353 est;
1414 1313 1452 1344 et
1486 1305 1525 1344 in

195 1374 374 1423 catalogo
401 1372 628 1411 monasterii
655 1371 928 1411 Cluniacensis
955 1371 996 1409 in
1023 1372 1181 1410 saeculo
1209 1371 1461 1418 duodecimo,
1484 1378 1527 1409 ut

193 1437 358 1485 videtur,
381 1439 565 1477 confecto
599 1437 718 1476 fuisse
746 1439 956 1475 ‘volumen
986 1436 1026 1475 in
1056 1450 1137 1487 quo
1166 1436 1419 1475 continentur
1439 1435 1526 1474 libri

195 1503 450 1553 epistolarum
465 1502 668 1543 Ciceronis
681 1504 732 1541 ad
747 1502 925 1540 Atticum
939 1501 1001 1540 xvi
1014 1503 1022 1519 '
1042 1501 1158 1540 nobis
1172 1501 1308 1540 docuit
1323 1501 1470 1540 Delisle
1484 1499 1501 1522 4
1519 1519 1527 1550 3

196 1569 266 1606 sed
288 1567 533 1606 mentionem
562 1569 663 1617 Epp.
686 1568 737 1604 ad
758 1566 935 1604 Atticum
963 1579 985 1603 a
1010 1565 1264 1615 scriptoribus
1293 1565 1412 1604 medii
1439 1567 1525 1606 aevi

195 1634 338 1671 factam
369 1645 454 1670 esse
474 1631 536 1669 vix
556 1630 792 1681 probaveris.
854 1632 994 1679 Itaque
1015 1642 1136 1680 prope
1157 1629 1197 1667 in
1227 1630 1399 1668 tenebris
1427 1630 1526 1670 iace-

196 1698 292 1736 bant
332 1699 461 1735 donec
509 1695 648 1734 studiis
693 1695 907 1734 litterarum
956 1694 1252 1733 renascentibus
1301 1696 1462 1734 tandem
1502 1710 1524 1735 a

196 1763 407 1801 Petrarcha
436 1769 610 1811 repertae
641 1761 780 1799 iterum
811 1760 850 1797 in
881 1761 1010 1799 lucem
1041 1767 1257 1810 emergunt.

249 1828 416 1866 Saeculo
445 1826 659 1865 undecimo
680 1827 740 1864 vel
770 1825 1011 1864 duodecimo
1040 1824 1284 1874 conscriptus
1312 1833 1369 1863 est
1399 1828 1525 1865 codex

238 1931 249 1951 ¹
275 1931 413 1963 Scilicet
430 1931 560 1961 dubitat
578 1931 625 1972 (p.
646 1931 686 1969 85
705 1930 781 1969 Or.)
800 1940 876 1959 num
897 1928 1086 1959 Fenestella
1103 1933 1195 1958 recte
1212 1928 1334 1958 dixerit
1347 1928 1523 1960 Catilinam

194 1975 399 2007 aCicerone
417 1975 592 2005 defensum
618 1983 707 2011 esse,
725 1978 758 2004 et
774 1974 854 2003 dum
872 1976 1069 2011 argumenta
1087 1982 1129 2002 ex
1145 1972 1282 2002 silentio
1300 1972 1473 2003 Orationis
1489 1974 1522 2003 in

201 2019 289 2060 Toga
308 2018 457 2050 Candzda
481 2018 591 2048 adfert
617 2022 727 2047 tamen
753 2017 824 2048 Att.
844 2017 862 2048 i.
883 2026 913 2047 2.
934 2027 959 2055 1,
981 2015 1090 2046 locum
1116 2015 1359 2054 gravissimum,
1379 2016 1525 2047 omittit:

196 2063 313 2094 corner
336 2073 470 2101 quoque
493 2061 617 2092 Ascon.
644 2072 675 2100 p.
707 2061 749 2099 48
774 2071 847 2091 cum
872 2059 942 2090 Att
972 2060 1011 2090 iV.
1041 2069 1071 2098 3.
1101 2069 1120 2098 3
1145 2060 1209 2090 etsi
1232 2069 1299 2089 vox
1323 2064 1429 2098 nuper
1448 2071 1523 2091 cum

196 2107 307 2137 verbis
335 2107 432 2146 longo
459 2105 624 2136 intervallo
649 2109 844 2143 comparata
870 2104 901 2133 in
929 2103 1092 2133 Oratione
1110 2108 1173 2142 pto
1195 2101 1318 2133 IVIilone
1342 2113 1382 2142 37
1408 2110 1523 2135 vetare

196 2150 329 2180 videtur
347 2161 389 2180 ne
406 2150 447 2180 ad
465 2159 587 2180 annum
606 2149 670 2188 698
693 2148 763 2187 (57)
784 2148 866 2178 haee
884 2147 935 2178 vis
952 2146 1050 2177 Clodi
1069 2146 1246 2177 reseratur.

240 2193 252 2212 ²
278 2194 365 2224 Nam
383 2193 452 2224 Att.
473 2193 542 2223 xiii.
559 2203 608 2231 31.
628 2202 647 2230 3
663 2192 728 2222 alio
746 2196 888 2231 spectat,
910 2191 972 2221 etsi
989 2190 1089 2220 habet
1105 2199 1221 2220 vocem
1237 2189 1406 2220 semiliber.

237 2236 249 2256 3
275 2237 408 2275 August
425 2236 615 2267 Wilmanns
639 2235 709 2266 Der
729 2235 877 2274 Katalog
897 2234 954 2264 der
975 2233 1131 2263 Lorsclter
1144 2233 1441 2264 Klosterbibliothck
1462 2244 1525 2264 ans

196 2281 268 2311 dem
292 2282 424 2310 zrlmten
446 2279 679 2318 Jalzrlzunderl
700 2280 731 2309 in
757 2278 1006 2309 ‘Rheinisches
1032 2277 1209 2317 Museum,’
1234 2277 1327 2308 xxiii.
1347 2277 1462 2317 (1868)
1489 2287 1520 2317 p.

217 2326 235 2354 8
278 2324 357 2362 [30
376 2333 400 2355 r.
420 2335 451 2362 4.

194 2334 214 2363 3
239 2335 321 2397 “9Le
352 2368 473 2397 cabmel
498 2366 553 2397 des
580 2366 778 2397 manuscrits
803 2365 840 2396 de
866 2365 897 2396 la
925 2363 1129 2403 bt'blzollwque
1155 2363 1331 2403 matronale,
1361 2363 1454 2395 Tom.
1489 2362 1522 2394 ii.

197 2421 227 2451 p.
248 2412 320 2451 478,
341 2421 394 2442 no.
415 2421 489 2450 492.
540 2410 591 2441 De
608 2416 719 2441 aetate
737 2409 879 2449 catalogi
897 2408 937 2440 cf.
959 2418 990 2448 p.
1005 2408 1080 2447 458.
