1817 2832
173 122 268 161 VII.
287 122 381 159 xvii
639 123 695 160 M.
727 122 895 159 TVLLI
926 121 1232 161 CICERONIS

270 232 344 270 nisi
373 231 579 281 acceperit,
602 231 828 281 praesertim
859 245 949 270 cum
971 230 1312 282 impudentissime
1332 232 1596 282 postulaverit.

271 297 370 346 Quis
410 296 515 334 enim
555 303 596 334 tu
630 310 671 334 es
705 296 772 346 qui
806 296 924 344 dicas,
965 297 1029 335 ‘Si
1060 296 1100 334 in
1133 296 1370 347 Hispaniam
1401 299 1600 348 profectus

271 361 352 407 erit,
389 359 421 398 si
452 360 646 410 praesidia
678 360 919 399 dimiserit’?
980 363 1133 399 Tamen
1172 362 1426 401 conceditur:
1470 362 1600 401 minus

271 428 438 465 honeste
468 439 574 463 nunc
603 425 766 475 quidem
786 425 929 464 violata
950 425 1027 463 iam
1055 427 1104 464 ab
1132 426 1199 465 illo
1226 440 1266 465 re
1293 426 1452 476 publica
1479 427 1602 465 illato-

270 504 348 541 que
379 491 485 529 bello
520 503 639 540 quam
671 490 703 528 si
737 490 831 528 olim
865 491 916 529 de
947 490 1097 529 ratione
1128 491 1313 529 habenda
1342 490 1598 541 impetrasset.
1621 504 1637 535 5

273 557 323 594 Et
344 563 477 594 tamen
497 569 633 594 vereor
656 563 697 593 ut
718 555 778 593 his
799 555 892 605 ipsis
922 563 1132 594 contentus
1160 555 1218 593 sit.
1279 557 1384 593 Nam
1411 570 1501 594 cum
1529 555 1602 594 ista

272 621 460 658 mandata
493 619 668 658 dedisset
708 621 750 657 L.
786 619 958 667 Caesari,
989 619 1127 658 debuit
1166 632 1251 658 esse
1282 621 1400 669 paulo
1434 620 1603 670 quietior

273 686 369 723 dum
399 697 588 734 responsa
618 685 849 722 referrentur
863 698 873 732 ,·
913 683 1055 723 dicitur
1085 691 1219 723 autem
1247 698 1354 722 nunc
1386 698 1471 724 esse
1499 699 1601 724 acer—

273 749 403 787 rimus.

230 823 254 860 3
328 814 536 862 Trebatius
558 813 719 864 quidem
747 813 880 852 scribit
901 828 942 853 se
962 815 1012 853 ab
1039 814 1105 852 illo
1127 826 1218 852 vnn
1247 816 1335 853 Kal.
1360 815 1472 854 Febr.
1495 828 1601 865 roga-
1622 827 1661 850 10

273 886 357 916 turn
384 892 469 917 esse
499 886 541 916 ut
565 879 751 917 scriberet
779 880 830 917 ad
858 893 921 917 me
951 887 993 917 ut
1020 893 1145 918 essem
1176 881 1226 918 ad
1250 880 1414 928 urbem,
1443 879 1539 917 nihil
1566 879 1602 918 ei

272 957 335 981 me
364 943 508 993 gratius
538 945 665 982 facere
691 957 818 994 posse.
880 946 993 982 Haec
1020 944 1148 982 verbis
1172 944 1360 994 plurimis.
1421 944 1602 983 Intellexi

271 1022 318 1047 ex
348 1009 499 1047 dierum
535 1009 695 1055 ratione,
730 1018 773 1047 ut
803 1009 973 1060 primum
1005 1011 1056 1048 de
1085 1010 1261 1048 discessu
1290 1018 1425 1049 nostro
1458 1011 1603 1050 Caesar

269 1074 453 1121 audisset,
477 1075 653 1112 laborare
674 1088 764 1113 eum
790 1074 968 1124 coepisse
992 1088 1042 1113 ne
1063 1088 1201 1113 omnes
1227 1076 1466 1114 abessemus.
1528 1076 1602 1112 Ita-

270 1152 348 1188 que
378 1153 458 1177 non
488 1139 628 1178 dubito
659 1139 752 1189 quin
783 1141 833 1178 ad
865 1139 1061 1186 Pisonem,
1091 1140 1187 1190 quin
1216 1142 1267 1178 ad
1306 1140 1483 1179 Servium
1513 1139 1601 1178 scri·
1622 1152 1659 1183 15

270 1204 413 1254 pserit3
443 1204 539 1243 illud
568 1205 741 1243 admiror
767 1218 847 1242 non
869 1204 997 1254 ipsum
1026 1206 1077 1243 ad
1099 1219 1162 1243 me
1186 1205 1396 1256 scripsisse,
1426 1219 1507 1244 non
1534 1219 1602 1255 per

273 1269 533 1316 Dolabellam,
575 1283 657 1308 non
695 1283 764 1319 per
803 1269 983 1309 Caelium
1022 1269 1155 1320 egisse.
1228 1272 1483 1320 Quamquam
1521 1284 1603 1308 non

226 1345 251 1381 4
272 1347 458 1383 aspernor
478 1334 639 1373 Trebati
666 1334 822 1381 litteras,
848 1348 870 1372 a
900 1348 979 1384 quo
1010 1349 1072 1374 me
1100 1335 1216 1374 unice
1247 1335 1354 1385 diligi
1375 1335 1467 1374 scio.
1528 1337 1603 1374 Re-

271 1398 406 1448 scripsi
436 1401 487 1437 ad
517 1399 747 1438 Trebatium
779 1400 887 1451 (nam
917 1401 968 1438 ad
1000 1400 1129 1450 ipsum
1163 1402 1373 1440 Caesarem
1408 1400 1475 1450 qui
1506 1400 1602 1439 mihi

271 1463 367 1501 nihil
398 1464 614 1514 scripsisset
644 1464 770 1515 nolui)
801 1478 918 1515 quam
950 1465 1047 1504 illud
1074 1468 1148 1505 hoc
1178 1474 1355 1517 tempore
1381 1474 1482 1504 esset
1506 1466 1602 1504 diffi-
1622 1479 1661 1502 20

271 1528 369 1576 cile3
400 1543 462 1567 me
483 1537 615 1568 tamen
636 1530 675 1567 in
696 1530 865 1580 praediis
887 1530 983 1568 meis
1005 1545 1090 1569 esse
1111 1545 1240 1581 neque
1268 1531 1455 1570 dilectum
1477 1533 1600 1570 ullum

271 1607 400 1643 neque
424 1594 625 1643 negotium
657 1595 885 1644 suscepisse.
948 1597 995 1633 In
1021 1610 1100 1645 quo
1122 1596 1284 1646 quidem
1312 1597 1483 1634 manebo
1504 1597 1599 1633 dum

270 1671 358 1708 spes
388 1658 494 1708 pacis
524 1659 620 1706 erit,
653 1659 712 1696 sin
743 1659 890 1697 bellum
921 1668 1085 1709 geretur,
1109 1674 1189 1698 non
1221 1662 1340 1698 deero
1370 1659 1498 1698 officio
1526 1673 1600 1698 nec

269 1723 449 1773 dignitati
480 1737 601 1770 meae,
638 1737 779 1775 pueros
817 1725 1061 1775 ὑπεκθέμενος
1098 1725 1138 1762 in
1178 1725 1394 1763 Graeciam.
1453 1727 1598 1763 Totam

269 1788 373 1827 enim
397 1788 551 1827 Italiam
579 1790 824 1839 flagraturam
845 1790 951 1828 bello
978 1790 1172 1840 intellego.
1232 1792 1406 1828 Tantum
1431 1790 1523 1828 mali
1547 1795 1602 1828 est
1620 1803 1655 1835 25

269 1854 478 1892 excitatum
514 1853 653 1903 partim
686 1868 732 1892 ex
767 1854 967 1904 improbis,
1004 1854 1145 1903 partim
1177 1868 1223 1892 ex
1258 1854 1400 1892 invidis
1435 1854 1595 1892 civibus.

269 1920 346 1957 Sed
381 1920 477 1957 haec
516 1918 650 1968 paucis
689 1919 829 1957 diebus
864 1932 911 1957 ex
944 1918 1045 1956 illius
1077 1920 1127 1958 ad
1162 1927 1294 1957 nostra
1325 1932 1512 1968 responsa
1546 1933 1602 1957 re-

268 1984 421 2034 sponsis
453 1983 726 2033 intellegentur
757 1997 945 2033 quorsum
984 1997 1145 2022 evasura
1184 1983 1270 2022 sint.
1332 1985 1437 2021 Tum
1471 1985 1521 2021 ad
1561 1991 1598 2022 te

268 2049 435 2087 scribam
465 2051 586 2099 plura,
610 2049 640 2086 si
671 2049 741 2087 erit
766 2050 913 2087 bellurn
928 2064 938 2097 3
969 2049 1028 2087 sin
1058 2052 1238 2090 †autem†
1263 2049 1381 2089 etiam
1408 2048 1594 2096 indutiae,

268 2123 304 2154 te
326 2115 466 2166 ipsum,
490 2123 531 2152 ut
553 2128 677 2165 spero,
700 2114 854 2154 videbo.
1615 2128 1655 2159 30

309 2229 329 2257 3
355 2219 576 2250 conceditur2
604 2219 724 2257 Ysvrrcll
854 2228 894 2257 25
920 2217 997 2247 mali
1025 2217 1123 2249 CM2':
1158 2219 1279 2248 malum
1305 2216 1364 2248 Ilffl
1485 2228 1537 2257 25,
1554 2219 1596 2248 26

267 2267 320 2293 est
346 2263 527 2293 excitatum
554 2262 652 2292 Klots<
669 2274 674 2291 :
704 2262 888 2291 excitatum
907 2267 958 2292 est
975 2260 1094 2291 Lamb.
1111 2274 1116 2291 :
1152 2272 1218 2292 om.
1237 2266 1288 2292 est
1305 2261 1347 2290 M
1555 2263 1597 2292 26

267 2316 332 2336 cx.
354 2330 361 2336 .
383 2329 389 2336 .
411 2307 467 2345 ex]
487 2306 528 2335 ab
546 2330 553 2336 .
575 2330 582 2336 .
603 2329 609 2335 .
631 2305 672 2335 ab
688 2305 766 2335 coni.
788 2305 872 2334 Boot
1055 2315 1097 2343 29
1109 2305 1190 2343 sort.
1210 2305 1262 2336 sin
1281 2306 1384 2337 otium
1407 2305 1592 2345 autetiam,

267 2350 302 2389 cf
324 2350 369 2381 18,
391 2359 409 2378 2
426 2360 432 2379 :
457 2349 507 2380 sin
526 2353 582 2380 aut
600 2359 663 2389 pax
681 2353 737 2379 aut
754 2348 853 2380 etiam
872 2348 952 2381 coni.
978 2346 1165 2390 H'esenbetg
