1790 2837
174 529 190 559 5

154 857 194 879 10

154 1508 192 1530 20

621 126 733 164 EPP.
765 126 844 163 AD
873 125 1131 165 ATTICVM
1493 123 1570 161 III.
1590 123 1649 159 xii

254 231 346 266 XII
447 232 515 266 Scr.
542 233 780 265 Thessalonicae
795 234 854 265 xvi
866 234 942 265 Kal.
961 233 1049 265 Sext.
1070 245 1099 265 α.
1122 234 1185 274 696
1203 235 1215 275 <
1224 232 1292 274 58).

626 311 799 342 CICERO
824 311 996 342 ATTICO
1023 310 1120 342 SAL.

265 390 326 426 Tu
358 388 518 438 quidem
549 390 687 428 sedulo
718 388 996 439 argumentaris
1027 389 1122 439 quid
1153 389 1199 427 sit
1231 389 1466 439 sperandum
1497 395 1535 426 et
1554 399 1571 426 1

211 454 380 492 maxime
420 468 484 504 per
525 463 703 493 senatum
745 454 930 504 idemque
969 461 1086 504 caput
1125 454 1335 504 rogationis
1369 453 1536 504 proponi

212 518 347 558 scribis
377 533 454 569 qua
485 534 524 558 re
555 519 595 557 in
625 528 762 558 senatu
792 518 870 558 dici
904 519 1001 557 nihil
1036 520 1160 558 liceat.
1222 521 1361 568 Itaque
1393 519 1535 557 siletur.

213 583 292 622 Hic
314 591 355 622 tu
378 597 440 622 me
459 598 620 623 accusas
637 585 744 634 quod
767 597 829 621 me
850 585 1060 633 adflictem‚
1080 599 1169 623 cum
1191 584 1243 622 ita
1265 583 1336 621 sim
1357 583 1538 621 adflictus

211 657 253 686 ut
288 662 405 687 nemo
440 662 643 699 umquam,
676 650 783 699 quod
819 656 900 688 tute
940 649 1141 700 intellegis.
1206 651 1323 698 Spem
1363 647 1538 686 ostendis

212 715 430 752 secundum
470 713 638 752 comitia.
704 716 816 764 Quae
851 714 924 753 ista
961 722 1019 753 est
1050 715 1191 753 eodem
1227 713 1384 751 tribuno
1418 714 1467 762 pl.
1501 719 1538 750 et

212 778 373 817 inimico
401 780 562 817 consule
583 778 816 829 designato?
865 779 1091 818 Percussisti
1113 787 1243 817 autem
1266 791 1328 815 me
1349 777 1465 815 etiam
1488 779 1537 816 de

213 842 389 881 oratione
419 844 577 893 prolata.
638 843 712 883 Cui
747 844 895 883 vulneri
931 852 973 882 ut
1007 844 1141 882 scribis
1176 844 1347 889 medere,
1377 841 1407 880 si
1443 842 1580 892 quid2

213 916 336 957 potes.
407 908 549 958 Scripsi
588 908 774 958 equidem
813 909 905 948 olim
948 909 982 947 ei
1021 909 1149 955 iratus,
1187 908 1295 957 quod
1334 907 1397 945 ille
1436 907 1539 956 prior

214 973 430 1023 scripserat,
452 974 521 1012 sed
549 972 601 1011 ita
627 987 935 1023 compresseram
960 981 1001 1011 ut
1026 986 1242 1023 numquam
1271 980 1539 1010 emanaturam

213 1047 401 1088 putarem.
466 1040 558 1088 Quo
597 1040 718 1077 modo
757 1038 941 1077 exciderit
980 1038 1124 1077 nescio.
1193 1039 1271 1076 Sed
1306 1036 1397 1086 quia
1431 1050 1541 1075 num-

213 1117 330 1152 quam
367 1103 511 1141 accidit
541 1111 582 1141 ut
612 1117 702 1141 cum
742 1117 789 1142 eo
818 1104 937 1142 verbo
970 1116 1050 1141 uno
1085 1110 1350 1141 concertarem
1381 1109 1418 1139 et
1448 1101 1541 1151 quia

213 1168 354 1218 scripta
383 1168 479 1206 mihi
500 1168 653 1207 videtur
679 1168 947 1218 neglegentius
977 1181 1094 1218 quam
1123 1175 1284 1213 ceterae,
1307 1174 1403 1216 puto
1424 1180 1539 1216 posse

212 1233 367 1283 probari
402 1247 482 1272 non
518 1247 603 1272 esse
641 1247 781 1272 meam.
843 1235 904 1281 Id,
939 1233 971 1271 si
1005 1240 1118 1283 putas
1152 1245 1216 1270 me
1250 1245 1365 1282 posse
1400 1230 1536 1277 sanari,

212 1312 322 1337 cures
348 1299 491 1347 velim3
525 1298 583 1337 sin
610 1300 725 1349 plane
751 1298 857 1349 perii,
881 1298 1011 1337 minus
1037 1299 1184 1336 laboro.

268 1366 353 1413 Ego
380 1364 497 1402 etiam
525 1378 630 1402 nunc
658 1366 797 1402 eodem
820 1363 860 1401 in
881 1365 970 1403 loco
996 1364 1106 1402 iaceo
1134 1363 1217 1401 sine
1244 1375 1424 1400 sermone
1445 1363 1536 1408 ullo,
1558 1367 1582 1405 3

212 1427 295 1466 sine
316 1428 552 1478 cogitatione
573 1430 660 1466 ulla.
721 1428 876 1467 Scilicet
897 1428 980 1475 tibi,
994 1436 1036 1465 ut
1056 1427 1205 1474 scribis,
1219 1427 1475 1476 significaram
1497 1433 1539 1464 ut

211 1494 261 1531 ad
290 1507 352 1532 me
377 1493 527 1532 venires
545 1508 554 1541 3
584 1493 643 1533 †si
665 1494 851 1531 donatam
873 1497 944 1534 ut†
965 1493 1149 1543 intellego
1170 1500 1207 1531 te
1233 1491 1318 1530 istic
1339 1493 1539 1541 prodesse,

211 1558 275 1595 hic
305 1572 354 1596 ne
383 1559 503 1596 verbo
538 1557 698 1607 quidem
729 1559 855 1596 levare
890 1572 953 1597 me
982 1571 1109 1608 posse.
1174 1558 1267 1595 Non
1297 1570 1399 1606 queo
1429 1557 1539 1605 plura

211 1622 379 1661 scribere
417 1637 490 1661 nec
530 1631 587 1661 est
627 1624 735 1673 quod
779 1623 972 1670 scribam3
1014 1629 1140 1660 vestra
1179 1621 1300 1672 magis
1341 1628 1535 1671 exspecto.

212 1689 315 1725 Data
342 1700 412 1726 XVI
443 1689 530 1726 Kal.
559 1688 710 1727 Sextilis
732 1688 1048 1727 Thessalonicae.

254 1799 371 1834 XIII
483 1803 552 1834 Ser.
579 1803 820 1834 Thessalonicae
835 1803 923 1835 Non.
941 1802 1028 1834 Sext.
1050 1814 1079 1833 a.
1102 1803 1166 1844 696
1182 1803 1194 1844 (
1202 1801 1272 1843 58).

627 1882 801 1913 CICERO
827 1881 999 1912 ATTICO
1025 1881 1121 1912 SAL.

264 1959 385 2006 Quod
418 1959 468 1996 ad
503 1966 541 1996 te
580 1958 807 2008 scripseram
846 1972 909 1996 me
948 1957 987 1995 in
1028 1957 1147 2007 Epiro
1181 1959 1365 2004 futurum,
1397 1964 1569 2006 posteal

210 2036 328 2073 quam
359 2022 556 2061 extenuari
588 2036 698 2072 spem
734 2030 905 2061 nostram
941 2030 978 2060 et
1008 2035 1238 2060 evanescere
1268 2021 1357 2068 vidi,
1389 2021 1533 2059 mutavi

211 2087 417 2125 consilium
438 2100 510 2125 nec
532 2101 594 2125 me
608 2086 891 2127 Thessalonica
911 2086 1119 2133 commovi,
1135 2086 1203 2124 ubi
1220 2100 1304 2124 esse
1326 2094 1535 2124 statueram

255 2201 273 2229 5
298 2190 406 2225 liceat,
427 2191 538 2229 itaque
556 2189 649 2220 sileri
667 2191 745 2220 com'.
767 2189 958 2230 Malaspt'na
1074 2200 1108 2219 11
1136 2190 1166 2219 ei
1184 2200 1248 2219 om.
1271 2190 1354 2219 Rav.
1374 2188 1395 2218 I
1498 2199 1536 2227 15

211 2244 313 2273 posse
343 2233 383 2263 M
407 2234 568 2273 (ηιαιζᾳδῑ
605 2244 680 2263 csse
707 2233 744 2263 M
909 2243 948 2271 19
973 2233 1109 2263 Scilicet
1139 2232 1297 2273 Madvig:
1336 2232 1415 2262 licet
1446 2232 1534 2262 codd.

211 2277 435 2316 significaram
454 2276 610 2316 Madwgr:
637 2286 742 2306 ·arem
769 2275 855 2306 codd.
876 2287 882 2306 :
907 2277 1003 2306 -arim
1033 2276 1107 2306 Vict.
1199 2287 1241 2306 20
1265 2277 1291 2306 si
1311 2276 1467 2305 donatam
1486 2274 1537 2315 ut]

213 2322 245 2351 id
264 2320 414 2350 omittam
433 2325 468 2350 ut
484 2320 560 2350 coni.
587 2320 776 2349 Turnebus:
801 2320 831 2349 id
850 2320 1043 2349 omittamus
1069 2319 1222 2359 Madvig:
1251 2320 1403 2358 Dodona,
1425 2324 1537 2349 tamen

212 2363 422 2403 Malaspina:
449 2364 506 2394 scd
536 2374 640 2403 opera
665 2369 720 2394 tua
742 2363 822 2393 mihi
847 2363 984 2393 Mt'c'ller:
1010 2364 1038 2393 si
1065 2362 1277 2394 inclamarem
1296 2362 1381 2393 Reid
1487 2362 1536 2403 te]

213 2413 244 2438 tc
262 2418 298 2438 re
311 2411 379 2438 vett.
