1817 2832
170 133 241 171 VI.
264 132 294 170 ii
639 130 696 167 M.
727 127 896 166 TVLLI
928 126 1234 166 CICERONIS

272 244 440 294 adeptae
465 241 696 281 revixerunt.
758 239 835 278 His
856 251 930 289 ego
958 238 1116 278 duobus
1142 238 1350 289 generibus
1376 240 1603 278 facultatem

271 309 323 347 ad
353 322 394 346 se
422 321 510 345 aere
539 306 669 345 alieno
696 304 919 343 liberandas
945 311 1012 342 aut
1038 304 1224 342 levandas
1254 303 1361 353 dedi,
1383 318 1465 343 uno
1494 305 1604 354 quod

272 372 437 411 omnino
463 373 594 410 nullus
621 370 661 409 in
685 369 850 420 imperio
877 382 968 408 meo
997 376 1177 420 sumptus
1203 370 1328 407 factus
1355 377 1413 408 est
1435 370 1604 421 (nullum

272 451 364 476 cum
403 436 494 476 dico
532 450 614 475 non
659 437 801 486 loquor
838 433 1123 485 ὑπερβολικῶς),
1163 435 1294 472 nullus
1339 434 1511 485 inquam,
1552 449 1603 475 ne

271 502 488 541 terruncius
510 501 683 552 quidem.
745 502 835 539 Hac
861 508 994 540 autem
1014 514 1054 539 re
1078 499 1309 539 incredibile
1332 507 1390 538 est
1410 507 1603 550 quantum
1622 514 1639 546 5

229 580 254 620 5
272 567 448 606 civitates
477 566 716 606 emerserint.
776 565 955 605 Accessit
983 567 1113 604 altera.
1175 564 1278 603 Mira
1308 572 1417 604 erant
1446 565 1486 603 in
1516 565 1605 604 civi-

272 631 417 671 tatibus
438 632 613 683 ipsorum
637 634 739 670 furta
759 632 1000 670 Graecorum
1028 644 1129 681 quae
1150 630 1396 681 magistratus
1420 630 1480 669 sui
1506 632 1605 669 fece-

271 705 367 736 rant.
443 696 630 747 Quaesivi
669 697 753 746 ipse
794 697 846 735 de
888 695 933 734 iis
972 695 1040 746 qui
1078 695 1191 734 annis
1233 697 1373 735 decem
1417 696 1603 746 proximis

271 762 540 812 magistratum
571 769 782 813 gesserant.
855 763 1002 811 Aperte
1037 762 1269 800 fatebantur.
1340 763 1481 811 Itaque
1519 762 1604 801 sine

271 829 349 866 ulla
387 827 603 878 ignominia
641 827 720 866 suis
759 826 903 866 umeris
942 827 1130 877 pecunias
1168 825 1324 877 populis
1358 828 1599 865 rettulerunt.
1625 842 1663 864 10

270 892 412 942 Populi
432 901 565 931 autem
586 894 695 930 nullo
710 892 859 943 gemitu
875 892 1096 943 publicanis
1113 892 1257 942 quibus
1278 893 1354 931 hoc
1375 891 1461 942 ipso
1481 894 1603 931 lustro

270 957 367 995 nihil
398 959 593 996 solverant
624 957 742 996 etiam
773 957 982 1008 superioris
1012 957 1121 996 lustri
1155 959 1302 1006 reliqua
1333 957 1599 996 reddiderunt.

272 1023 412 1073 Itaque
439 1022 660 1073 publicanis
688 1022 728 1061 in
755 1022 879 1061 oculis
907 1036 1053 1061 sumus.
1116 1021 1289 1061 ‘Gratis'
1310 1021 1439 1072 inquis
1467 1022 1602 1061 ‘viris.'

270 1088 485 1127 Sensimus.
547 1089 632 1126 Iam
654 1095 783 1126 cetera
807 1087 899 1125 iuris
920 1087 1042 1126 dictio
1064 1101 1137 1125 nec
1161 1086 1341 1137 imperita
1361 1094 1400 1126 et
1427 1088 1601 1126 clemens

269 1166 360 1191 cum
381 1152 601 1191 admirabili
627 1152 835 1200 facilitate3
865 1152 994 1191 aditus
1014 1160 1147 1190 autem
1167 1153 1218 1190 ad
1246 1165 1309 1190 me
1333 1151 1495 1190 minime
1516 1166 1601 1202 pro·
1621 1167 1659 1200 15

268 1217 452 1257 vinciales
468 1233 477 1266 3
506 1218 603 1256 nihil
624 1232 692 1268 per
707 1217 992 1256 cubicularium
1007 1232 1017 1266 3
1046 1225 1137 1256 ante
1153 1218 1282 1255 lucem
1304 1217 1599 1256 inambulabam

269 1283 379 1321 domi
408 1290 450 1321 ut
479 1283 574 1321 olim
603 1282 849 1321 candidatus.
909 1284 1030 1321 Grata
1058 1283 1156 1321 haec
1186 1289 1225 1321 et
1254 1295 1397 1332 magna
1425 1282 1601 1333 mihique

270 1348 449 1386 nondum
470 1347 666 1386 laboriosa
685 1361 732 1386 ex
752 1347 817 1385 illa
836 1354 966 1385 vetere
987 1346 1135 1385 militia.

222 1417 250 1454 6
324 1411 452 1451 Nonis
485 1412 602 1451 Maiis
636 1412 676 1450 in
708 1411 889 1451 Ciliciam
924 1411 1158 1462 cogitabam.
1218 1412 1281 1452 Ibi
1313 1427 1404 1452 cum
1439 1413 1600 1452 Iunium

270 1490 446 1516 mensem
480 1476 815 1528 consumpsissem
846 1476 982 1528 (atque
1011 1477 1161 1516 utinam
1191 1477 1232 1516 in
1261 1481 1382 1529 pace!
1412 1492 1599 1529 magnum
1623 1492 1660 1514 20

267 1542 374 1581 enim
413 1543 561 1581 bellum
599 1542 804 1592 impendet
841 1555 865 1580 a
907 1542 1088 1593 Parthis),
1131 1542 1349 1592 Quintilem
1390 1543 1429 1581 in
1471 1543 1599 1582 reditu

267 1620 424 1657 ponere.
485 1609 654 1645 Annuae
685 1606 791 1646 enirn
823 1606 920 1644 mihi
953 1620 1095 1657 operae
1128 1621 1162 1645 a.
1194 1609 1233 1646 d.
1265 1620 1310 1645 111
1345 1610 1433 1646 Kal.
1465 1609 1596 1647 Sextil.

267 1680 499 1711 emerentur.
559 1674 706 1722 Magna
726 1680 858 1710 autem
888 1672 928 1710 in
950 1686 1019 1722 spe
1045 1686 1133 1710 sum
1160 1672 1256 1711 mihi
1284 1672 1380 1710 nihil
1411 1674 1597 1723 temporis

266 1745 517 1787 prorogatum
547 1737 602 1775 iri.
663 1737 877 1775 Habebam
911 1744 998 1775 acta
1032 1738 1183 1776 urbana
1216 1751 1341 1788 usque
1372 1739 1423 1777 ad
1458 1741 1596 1777 Nonas

268 1801 430 1840 Martias
445 1816 456 1849 3
484 1816 505 1840 e
535 1801 679 1851 quibus
708 1801 984 1851 intellegebam
1012 1801 1195 1841 Curionis
1225 1802 1347 1841 nostri
1376 1804 1598 1843 constantia
1618 1820 1653 1852 25

267 1866 400 1905 omnia
420 1866 550 1916 potius
570 1875 702 1905 actum
724 1866 768 1904 iri
789 1880 907 1916 quam
929 1869 979 1905 de
1000 1867 1219 1917 provinciis.
1272 1870 1387 1919 Ergo,
1406 1876 1447 1906 ut
1469 1882 1593 1919 spero,

266 1945 388 1982 prope
409 1931 514 1970 diem
535 1939 573 1970 te
593 1931 750 1970 videbo.

224 2003 248 2043 7
320 1996 449 2036 Venio
473 1999 524 2036 ad
546 1999 711 2035 Brutum
739 2005 862 2045 tuum,
885 1997 1008 2037 immo
1035 2006 1223 2046 nostrum,
1250 1999 1305 2038 sic
1332 2000 1438 2039 enim
1460 2001 1594 2040 mavis.

268 2062 467 2112 Equidem
496 2062 630 2101 omnia
650 2062 724 2101 feci
754 2076 855 2113 quae
883 2063 991 2114 potui
1021 2072 1087 2102 aut
1108 2064 1147 2102 in
1169 2079 1257 2104 mea
1286 2066 1487 2116 provincia
1513 2080 1596 2116 per-

266 2129 381 2166 ficere
411 2134 479 2166 aut
512 2127 551 2165 in
586 2140 706 2177 regno
735 2128 909 2177 experiri.
969 2129 1090 2168 Omni
1119 2130 1234 2180 igitur
1260 2132 1382 2170 modo
1411 2131 1471 2181 egi
1501 2145 1592 2171 cum
1614 2146 1654 2177 30

265 2207 353 2243 rege
383 2200 421 2232 et
449 2206 524 2243 ago
553 2192 699 2231 cotidie
729 2206 796 2243 per
826 2193 970 2232 litteras
1002 2195 1161 2234 scilicet.
1221 2198 1359 2246 Ipsum
1394 2197 1499 2235 enim
1533 2197 1594 2236 tri-

310 2307 349 2327 10
373 2297 515 2337 umeris]
526 2297 607 2336 sort.
631 2298 798 2327 crumenis
913 2308 950 2328 12
975 2299 1102 2338 reliqua
1118 2300 1194 2331 add.
1213 2299 1475 2341 U'esenbmgcoll.
1491 2302 1588 2333 Fam.

264 2340 296 2370 ii.
321 2351 367 2379 13.
389 2352 407 2378 4
545 2342 582 2370 16
606 2341 852 2372 inambulabam
869 2340 941 2373 Ber.
962 2342 1114 2374 NOPsI:
1141 2344 1379 2376 inambulando
1396 2344 1438 2375 M
1550 2355 1590 2385 31

263 2384 409 2414 triduum
429 2383 582 2415 CNHO:
606 2394 670 2415 om.
688 2383 730 2414 M
