1790 2837
613 104 726 141 EPP.
757 104 835 140 AD
865 103 1125 142 ATTICVM
1498 104 1528 141 I.
1552 104 1630 140 xvi

195 214 492 265 magistratibus.
571 215 872 264 Responsurum
930 213 1133 252 hominem
1191 226 1310 252 nemo
1367 213 1524 252 arbitra-

194 281 318 319 batur.

510 332 677 372 ’Έσπετε
704 337 768 373 νῦν
794 351 870 384 μοι,
899 336 1109 371 Μοῦσαι-

516 399 640 439 ὅππως
668 399 712 448 δὴ
740 403 886 449 πρῶτον
911 402 985 448 πῦρ
1013 399 1164 448 ἔμπεσε.

157 480 173 510 5
248 462 365 501 Nosti
404 464 572 502 Calvum
611 477 657 502 ex
692 463 935 501 Nanneianis
974 462 1094 510 illurn,
1131 463 1241 501 illum
1279 464 1523 502 laudatorem

194 541 338 575 meum,
362 529 412 566 de
436 527 547 566 cuius
575 528 753 566 oratione
780 542 869 578 erga
896 541 960 566 me
986 527 1204 566 honorifica
1227 529 1279 566 ad
1300 536 1338 566 te
1365 528 1525 578 scripse-

193 605 286 630 ram.
346 592 477 630 Biduo
497 606 567 642 per
586 606 710 630 unum
739 606 892 630 servum
914 600 952 630 et
979 606 1069 630 eum
1097 606 1144 630 ex
1169 593 1265 630 ludo
1292 592 1523 642 gladiatorio

194 656 364 695 confecit
393 664 520 694 totum
550 657 777 707 negotium,-
810 657 1009 695 arcessivit
1038 658 1089 695 ad
1119 670 1170 704 se,
1198 656 1387 707 promisit,
1410 657 1523 694 inter-

195 722 320 768 cessit,
344 721 464 760 dedit.
526 723 610 760 Iam
640 736 732 760 vero
760 722 802 773 (o
831 721 871 760 di
901 722 1007 768 boni,
1031 736 1112 760 rem
1142 721 1335 771 perditam
1354 721 1379 772 ἶ)
1404 721 1522 759 etiam

138 802 177 824 10
195 794 331 824 noctes
347 794 538 825 certarum
556 787 763 825 mulierum
783 794 902 836 atque
922 787 1308 824 adulescentulorum
1329 785 1522 823 nobilium

194 850 506 889 introductiones
537 865 619 890 non
654 851 770 889 nullis
804 851 1001 889 iudicibus
1033 864 1104 900 pro
1137 850 1328 889 mercedis
1362 852 1522 888 cumulo

193 917 359 953 fuerunt.
421 917 482 954 Ita
510 929 668 954 summo
697 916 873 954 discessu
902 916 1111 962 bonorum,
1135 917 1253 966 pleno
1283 916 1367 953 foro
1398 928 1523 953 servo-

193 994 279 1018 rum
309 992 396 1018 XXV
424 980 575 1018 iudices
606 980 658 1018 ita
689 982 807 1018 fortes
839 988 972 1018 tamen
1007 982 1162 1018 fuerunt
1187 988 1229 1018 ut
1256 993 1411 1018 summo
1438 993 1524 1029 pro-

194 1044 324 1094 posito
352 1044 527 1094 periculo
553 1046 615 1083 vel
644 1045 768 1095 perire
801 1045 1009 1083 maluerint
1033 1058 1152 1094 quam
1182 1045 1344 1094 perdere
1374 1043 1518 1082 omnia.

137 1125 173 1156 15
194 1121 300 1146 XXXI
332 1110 489 1147 fuerunt
522 1123 622 1159 quos
655 1111 777 1147 fames
809 1109 931 1159 magis
964 1123 1082 1158 quam
1117 1111 1221 1146 fama
1252 1108 1518 1147 commoverit.

195 1174 375 1222 Quorum
398 1174 562 1212 Catulus
589 1187 680 1212 cum
704 1173 866 1212 vidisset
893 1175 1104 1223 quendam,
1131 1176 1139 1192 ‘
1154 1173 1261 1222 Quid
1282 1175 1373 1211 vos'
1395 1172 1521 1222 inquit

196 1237 456 1288 ‘praesidium
477 1252 500 1276 a
525 1238 641 1276 nobis
668 1238 958 1288 postulabatis?
986 1252 1037 1276 an
1064 1251 1114 1276 ne
1141 1237 1293 1275 nummi
1317 1237 1428 1275 vobis
1453 1237 1521 1275 eri-

191 1310 375 1352 perentur
412 1302 660 1341 timebatis?'
723 1304 872 1349 Habes,
906 1310 949 1341 ut
981 1302 1210 1341 brevissime
1243 1301 1364 1352 potui,
1395 1305 1565 1352 genu56

192 1367 313 1405 iudici
339 1374 377 1405 et
404 1381 562 1405 causam
589 1367 859 1406 absolutionis.

135 1449 175 1471 20
248 1431 413 1480 Quaeris
434 1432 622 1481 deinceps
643 1432 710 1482 qui
737 1446 842 1471 nunc
869 1432 918 1471 sit
945 1440 1066 1471 status
1094 1445 1221 1471 rerum
1242 1438 1280 1470 et
1301 1431 1369 1481 qui
1395 1444 1516 1469 meus.

194 1496 269 1535 Rei
290 1497 471 1546 publicae
492 1505 636 1535 statum
657 1497 779 1544 illum,
796 1511 914 1547 quem
936 1505 977 1536 tu
999 1511 1088 1536 meo
1105 1496 1280 1542 consilio,
1297 1510 1369 1546 ego
1385 1496 1520 1534 divino

192 1562 467 1600 confirmatum
494 1563 693 1611 putabam,
717 1562 785 1612 qui
810 1563 1006 1600 bonorum
1034 1562 1212 1601 omnium
1240 1561 1520 1599 coniunctione

192 1634 231 1665 et
259 1626 490 1665 auctoritate
519 1628 746 1665 consulatus
777 1626 855 1665 mei
885 1628 983 1664 fixus
1013 1634 1051 1665 et
1086 1628 1272 1665 fundatus
1302 1625 1517 1672 videbatur,

192 1691 266 1729 nisi
287 1692 373 1741 quis
394 1705 466 1730 nos
487 1693 585 1730 deus
606 1691 827 1741 respexerit,
845 1693 1021 1741 elapsum
1043 1691 1141 1729 scito
1163 1705 1247 1729 esse
1267 1692 1317 1729 de
1339 1690 1520 1728 manibus

134 1772 172 1803 25
192 1770 273 1795 uno
305 1758 382 1795 hoc
412 1756 569 1803 iudicio,
602 1756 634 1794 si
665 1756 855 1795 iudicium
891 1764 949 1795 est
984 1756 1139 1806 triginta
1174 1756 1355 1794 homines
1385 1754 1521 1805 populi

193 1821 366 1860 Romani
396 1821 616 1860 levissimos
645 1835 692 1859 ac
721 1821 983 1871 nequissimos
1015 1820 1230 1858 nummulis
1259 1819 1431 1868 acceptis
1461 1819 1521 1856 ius

190 1899 237 1924 ac
271 1888 327 1924 fas
359 1900 478 1924 omne
509 1887 639 1925 delere
673 1893 721 1933 et,
755 1887 864 1936 quod
896 1899 1034 1924 omnes
1067 1899 1147 1923 non
1184 1885 1305 1923 modo
1340 1883 1520 1921 homines

191 1964 326 1989 verum
360 1950 478 1989 etiam
512 1951 685 2000 pecudes
718 1951 866 1988 factum
906 1964 991 1988 esse
1030 1949 1163 1996 sciant,
1192 1949 1232 1987 id
1257 1949 1453 1986 Thalnam
1483 1956 1521 1985 et

235 2063 254 2093 5
281 2054 493 2085 Nanneianis
509 2054 595 2084 codd.
611 2054 647 2093 cs
662 2054 727 2085 Pet.
746 2054 841 2084 Cone.
861 2065 882 2093 9
899 2066 906 2084 ι
932 2054 1115 2084 Naevianis
1139 2053 1316 2087 Turnebus„
1333 2052 1398 2082 coll.
1418 2052 1515 2082 Fam.

191 2108 243 2128 XV.
264 2099 293 2127 6.
312 2108 324 2128 1
407 2098 546 2128 alterum
566 2098 656 2128 illurn
671 2108 736 2128 om.
758 2097 909 2127 ENHPs
1000 2107 1018 2136 7
1044 2097 1121 2127 ludo
1141 2098 1228 2135 glad.
1250 2095 1402 2126 ENOP:
1428 2096 1515 2133 glad.

191 2141 270 2170 ludo
295 2140 389 2170 MHs
555 2142 575 2171 8
599 2141 799 2172 arcessivit.
817 2165 824 2171 .
844 2165 851 2171 .
873 2141 1007 2170 suerunt
1034 2140 1067 2180 (l.
1102 2141 1153 2178 13)
1183 2140 1287 2178 adfert
1311 2139 1431 2170 Seneca
1456 2138 1514 2177 Ep.

190 2194 242 2223 97.
262 2194 281 2222 4
411 2195 432 2223 9
456 2195 485 2222 o,
505 2185 537 2214 di
555 2185 600 2214 ita
616 2184 816 2224 inlerpnnm't
832 2183 955 2213 Mztller
1088 2193 1124 2222 15
1151 2187 1375 2212 commoveret
1393 2181 1523 2211 Ermstl

193 2229 232 2256 16
256 2227 344 2265 Quid
363 2237 422 2257 vos
439 2251 446 2258 .
468 2251 475 2258 .
497 2251 503 2258 .
525 2228 737 2266 eriperentur
753 2226 858 2265 adfert
873 2226 992 2256 Seneca
1009 2226 1068 2266 Ep.
1089 2237 1141 2265 97.
1163 2228 1184 2255 6
1306 2235 1341 2263 17
1367 2235 1385 2254 a
1400 2224 1518 2254 Seneca

190 2274 220 2300 el
234 2269 280 2300 Zb
297 2281 353 2301 v.c.
371 2269 400 2299 L
421 2271 560 2310 (marg.)
578 2269 724 2300 EPO¹I:
749 2280 815 2300 om.
836 2269 930 2299 MHs
1055 2271 1093 2299 18
1118 2269 1286 2299 timebatis
1302 2279 1366 2298 om.
1386 2266 1514 2305 Seneca,

189 2346 295 2386 sedes.
315 2346 404 2377 Plut.
425 2346 484 2376 Cic.
504 2356 554 2383 29.
643 2356 684 2383 24
708 2346 783 2384 quis
796 2345 904 2375 PMs:
927 2344 982 2383 qui
1000 2344 1048 2375 E:
1072 2321 1132 2383 qui
1150 2344 1197 2374 O:
1224 2343 1301 2383 quia
1316 2343 1391 2374 NH
1474 2346 1516 2375 28

189 2390 350 2420 Thalnam
363 2389 448 2429 vulg.
463 2389 499 2428 cf.
514 2389 602 2419 Fast.
614 2388 710 2419 Cons.
726 2398 755 2419 a.
773 2399 804 2420 u.
817 2399 839 2419 c.
856 2398 914 2427 591
927 2387 976 2429 &C-
988 2387 1015 2418 I.
1029 2386 1068 2418 L.
1086 2387 1111 2417 i·-’
1123 2398 1153 2427 p.
1164 2389 1254 2427 1462:
1271 2387 1411 2418 Talnam
1424 2387 1513 2420 codd.
