1817 2832
623 131 735 169 EPP.
767 131 845 168 AD
880 129 1139 170 ATTICVM
1508 129 1579 167 VI.
1597 128 1611 165 i

275 243 408 292 Atque
447 242 545 280 haec
584 240 848 291 superioribus
888 240 1023 279 litteris
1061 240 1266 291 diligenter
1303 241 1354 278 ad
1388 246 1425 278 te
1463 252 1544 289 pcr-

220 307 448 357 scripseram
476 308 546 345 sed
572 309 688 357 plane
708 315 747 345 te
767 307 989 357 intellegere
1009 306 1113 344 volui
1135 306 1230 343 mihi
1251 319 1331 344 non
1355 305 1544 344 excidisse

218 372 315 410 illud
342 373 450 422 quod
475 380 516 410 tu
543 374 593 411 ad
622 386 685 410 me
709 372 947 422 quibusdam
974 371 1108 409 litteris
1135 371 1363 421 scripsisses,
1393 370 1424 408 si
1448 370 1544 408 nihil

217 437 325 476 aliud
341 439 390 476 de
411 439 484 475 hac
501 437 701 488 provincia
715 437 789 475 nisi
809 437 910 475 illius
932 437 1246 475 benevolentiam
1263 438 1545 486 deportassem‚

182 516 198 547 5
219 503 316 541 mihi
342 503 382 542 id
408 503 499 542 satis
526 517 621 542 esse.
681 502 738 542 Sit
758 516 861 549 sane,
886 501 1072 552 quoniam
1097 502 1150 540 ita
1170 509 1211 539 tu
1231 501 1302 549 vis,
1323 503 1392 540 sed
1413 509 1544 539 tamen

219 581 310 605 cum
341 581 390 606 eo
421 569 540 606 credo
574 568 682 618 quod
716 567 800 605 sine
833 574 997 616 peccato
1028 579 1118 604 meo
1149 567 1225 604 fiat.
1304 566 1426 615 Igitur
1456 579 1546 604 meo

218 634 377 672 decreto
412 635 539 672 soluta
572 647 631 672 res
665 632 823 682 Scaptio
857 639 942 670 stat.
1002 633 1134 680 Quam
1168 631 1208 669 id
1242 639 1390 669 rectum
1423 631 1471 669 sit
1502 638 1543 668 tu

217 697 434 745 iudicabis3
471 712 521 736 ne
552 699 603 736 ad
635 699 830 737 Catonem
864 697 1025 747 quidem
1060 697 1294 746 provocabo.
1355 698 1432 735 Sed
1462 695 1542 734 noli
1562 700 1586 737 8

218 777 282 802 me
315 772 451 814 putare
489 765 768 817 ἐγκελεύσματα
801 762 866 801 illa
898 769 965 800 tua
1001 761 1191 800 abiecisse
1230 775 1330 811 quae
1369 761 1465 799 mihi
1503 761 1543 798 in

161 844 199 865 10
218 827 430 867 visceribus
451 830 622 867 haerent.
674 830 790 867 Flens
811 827 907 865 mihi
928 840 1056 865 meam
1078 828 1222 865 famam
1238 826 1545 873 commendasti;

218 905 320 942 quae
353 893 519 943 epistula
549 900 617 931 tua
647 900 705 931 est
734 892 774 930 in
804 906 881 942 qua
910 905 984 929 non
1013 892 1092 929 eius
1120 890 1364 929 mentionem
1397 891 1545 929 facias?

218 959 359 1007 Itaque
390 958 576 996 irascatur
606 958 672 1008 qui
706 959 834 1005 volet3
873 956 1004 1007 patiar.
1081 958 1132 995 Τὸ
1165 958 1238 1009 γὰρ
1268 957 1306 995 εὖ
1337 957 1415 1007 μετ’
1444 960 1542 1006 ἐμοῦ,

216 1022 443 1072 praesertim
469 1036 559 1060 cum
587 1035 654 1060 sex
680 1021 786 1060 libris
813 1029 1014 1070 tamquam
1041 1020 1252 1071 praedibus
1280 1035 1343 1059 me
1369 1021 1452 1071 ipse
1479 1022 1546 1060 ob-

218 1086 448 1134 strinxerim,
469 1099 568 1136 quos
595 1086 666 1125 tibi
693 1094 772 1124 tam
799 1086 913 1124 valde
939 1085 1095 1135 probari
1119 1087 1285 1135 gaudeo.
1347 1088 1379 1123 E
1401 1086 1543 1135 quibus

160 1167 196 1198 15
217 1165 340 1189 unum
363 1153 547 1201 ἱστορικὸν
566 1150 728 1200 requiris
749 1151 799 1189 de
821 1151 892 1189 Cn.
918 1150 1065 1197 Flavio,
1081 1150 1188 1188 Anni
1209 1150 1299 1189 filio.
1360 1152 1432 1189 Ille
1453 1164 1543 1189 vero

217 1223 308 1254 ante
335 1215 579 1254 decemviros
608 1229 689 1253 non
716 1214 787 1253 fuit
814 1214 960 1264 quippe
988 1214 1054 1264 qui
1080 1214 1217 1253 aedilis
1247 1215 1390 1254 curulis
1417 1215 1543 1259 fuerit,

219 1280 287 1330 qui
313 1280 559 1330 magistratus
586 1279 717 1317 multis
743 1278 855 1317 annis
877 1286 965 1328 post
985 1279 1229 1317 decemviros
1253 1279 1452 1318 institutus
1473 1288 1540 1318 est.

221 1345 330 1394 Quid
350 1359 440 1395 ergo
461 1344 625 1395 profecit
641 1345 749 1394 quod
770 1343 929 1393 protulit
950 1345 1099 1382 fastos?
1137 1345 1385 1383 Occultatam
1406 1353 1544 1395 putant

220 1411 395 1460 quodam
421 1417 598 1459 tempore
624 1408 738 1446 istam
768 1409 956 1455 tabulam,
976 1415 1018 1446 ut
1045 1408 1128 1446 dies
1154 1409 1296 1458 agendi
1323 1417 1545 1459 peterentur

159 1492 195 1513 20
218 1487 241 1512 a
279 1474 424 1524 paucis.
495 1476 582 1512 Nec
619 1486 712 1511 vero
749 1472 864 1523 pauci
904 1480 995 1510 sunt
1032 1481 1211 1512 auctores
1252 1475 1324 1513 Cn.
1367 1474 1543 1512 Flavium

217 1538 385 1577 scribam
418 1540 538 1577 fastos
569 1537 776 1589 protulisse
809 1536 1063 1587 actionesque
1094 1538 1377 1588 composuisse,
1401 1552 1450 1577 ne
1480 1553 1543 1577 me

216 1604 293 1642 hoc
323 1605 383 1642 vel
416 1603 547 1653 potius
576 1602 806 1641 Africanum
837 1601 885 1652 (is
919 1601 1024 1640 enim
1054 1602 1243 1653 loquitur)
1273 1611 1543 1641 commentum

216 1675 339 1718 putes.
401 1671 479 1706 Οὐκ
503 1668 614 1706 ἔλαθέ
639 1685 685 1706 σε
709 1667 806 1706 illud
827 1668 877 1705 de
896 1674 1008 1717 gestu
1029 1666 1237 1705 histrionis.
1297 1670 1359 1706 Tu
1380 1670 1544 1707 sceleste

217 1732 436 1782 suspicaris,
456 1746 529 1784 ego
550 1736 699 1782 ἀφελῶς
718 1732 863 1782 scripsi.
925 1733 987 1770 De
1008 1745 1070 1769 me
1091 1731 1323 1782 imperatore
1350 1733 1485 1772 scribis
1507 1741 1544 1772 te
1563 1740 1591 1777 9

158 1812 196 1843 ²5
217 1810 264 1835 ex
291 1797 491 1836 Philotimi
517 1797 653 1836 litteris
683 1810 874 1846 cognosse
888 1811 899 1844 3
934 1797 1003 1835 sed
1034 1797 1152 1835 credo
1179 1804 1230 1844 te,
1254 1797 1331 1835 iam
1358 1797 1398 1835 in
1424 1798 1544 1848 Epiro

217 1875 308 1900 cum
338 1875 457 1909 esses,
481 1861 593 1900 binas
627 1875 734 1901 meas
768 1863 819 1900 de
854 1861 1039 1900 omnibus
1070 1861 1185 1899 rebus
1214 1861 1424 1912 accepisse,
1447 1876 1544 1901 unas

216 1939 240 1963 a
269 1925 502 1964 Pindenisso
532 1934 659 1976 capto,
687 1928 827 1965 alteras
858 1926 1066 1973 Laodicea,
1097 1933 1281 1975 utrasque
1310 1926 1385 1964 tuis
1415 1927 1544 1977 pueris

217 1991 338 2028 datas.
397 1989 551 2038 Quibus
572 1991 622 2028 de
643 1991 758 2028 rebus
779 1997 936 2040 propter
957 2003 1092 2028 casum
1113 1990 1323 2040 navigandi
1342 2005 1411 2041 per
1430 1991 1545 2030 binos

218 2053 440 2092 tabellarios
461 2053 548 2091 misi
570 2055 741 2092 Romam
761 2054 919 2104 publice
941 2054 1097 2093 litteras.

265 2155 279 2175 1
307 2145 488 2183 diligenter
518 2145 559 2175 ad
586 2149 619 2175 te
650 2147 698 2176 Σε
735 2146 778 2176 ad
810 2151 844 2176 te
873 2146 1053 2184 diligenter
1076 2151 1104 2177 A
1248 2158 1265 2187 7
1291 2152 1357 2178 stat
1385 2146 1544 2187 Madvzgz

218 2189 329 2219 statim
348 2188 393 2218 M.
440 2187 565 2217 Locum
589 2188 671 2218 dant
692 2188 749 2219 lzoc
773 2189 871 2219 modo
893 2189 1083 2229 Wesenberg
1104 2193 1132 2220 et
1153 2189 1270 2220 Baiter
1291 2191 1398 2229 Igitur
1416 2195 1451 2221 ut
1469 2200 1543 2220 meo

219 2233 357 2262 decreto
374 2231 524 2261 solvatur
540 2231 678 2271 Scaptio
696 2232 819 2267 statim,
835 2243 935 2271 quam
953 2233 986 2263 id
1004 2238 1130 2263 rectum
1147 2234 1189 2264 sit
1207 2238 1240 2264 tu
1260 2234 1423 2264 iudicabis
1439 2245 1445 2264 :
1459 2233 1542 2273 fort.

218 2275 327 2306 soluta
351 2284 404 2304 res
429 2273 562 2316 (esset)
588 2275 726 2314 Scaptio
750 2276 860 2305 statim
996 2285 1031 2306 11
1059 2286 1128 2306 non
1148 2277 1221 2307 eius
1244 2277 1449 2308 add.K0cl1:
1476 2287 1543 2307 non

218 2317 293 2348 add.
319 2317 341 2347 I
475 2328 514 2347 21
541 2319 740 2357 exposuisse
757 2318 918 2358 Sclzilling
1061 2330 1102 2359 27
1126 2330 1145 2350 a
1156 2321 1237 2359 fort.
1261 2320 1544 2360 transponendum

219 2365 293 2392 ante
310 2360 478 2390 Laodicea
524 2361 692 2392 Laodicea
709 2364 732 2392 Σ
751 2373 758 2392 z
781 2372 800 2391 a
819 2361 988 2393 Laodicea
1005 2366 1033 2393 Δ
1174 2364 1217 2394 28
1240 2373 1338 2394 casus
1358 2363 1546 2404 lVesenberg

219 2414 262 2443 29
285 2404 418 2443 publice
435 2403 566 2435 litteras
583 2407 627 2436 Σε
651 2404 781 2436 litteras
798 2405 930 2445 publice
947 2410 976 2436 A

262 2456 326 2478 cm.
343 2457 390 2477 An
407 2456 481 2479 ATT.
1415 2450 1457 2481 12
