1790 2837
72 134 101 172 I.
125 133 202 171 xiv
517 131 573 170 M.
605 129 773 168 TVLLI
805 127 1110 168 CICERONIS

107 254 129 294 7
204 244 323 283 Nunc
354 248 397 281 ut
427 242 479 280 ad
510 240 659 291 privata
692 240 865 287 redeam,
899 242 1048 290 Τεῦκρις
1077 239 1269 290 promissa
1301 220 1476 289 patravit.

149 310 212 348 Tu
251 309 438 347 mandata
475 307 585 346 effice
625 318 726 355 quae
765 304 955 355 recepisti.
1035 304 1207 353 Quintus
1246 306 1371 350 frater,
1412 302 1480 352 qui

148 372 365 422 Argiletani
394 370 549 411 aedifici
576 370 771 420 reliquum
801 371 1037 409 dodrantem
1067 369 1162 409 emit
1193 370 1264 408 HS
1296 379 1476 414 Dccxxv,

149 439 420 477 Tusculanum
437 436 623 481 venditat,
641 443 693 482 ut,
712 435 744 474 si
765 434 903 484 possit,
919 442 1022 473 emat
1040 433 1279 474 Pacilianam
1300 435 1477 480 domum.

149 503 252 542 Cum
275 501 447 541 Lucceio
467 501 506 539 in
527 500 689 550 gratiam
710 499 818 538 redii.
878 499 1009 538 Video
1028 498 1231 537 hominem
1251 499 1366 536 valde
1386 497 1480 548 peti·
1499 512 1515 543 5

149 567 274 606 turire.
346 566 514 606 Navabo
553 579 724 616 operam.
795 566 859 602 Tu
898 564 995 614 quid
1028 577 1132 613 agas,
1165 562 1234 602 ubi
1273 563 1335 609 sis,
1369 562 1479 601 cuius

149 632 257 670 modi
287 631 383 670 istae
413 644 474 669 res
498 630 587 679 sint,
609 631 670 669 fac
697 643 761 669 me
788 643 908 682 quam
933 627 1233 681 diligentissime
1261 627 1477 668 certiorem.

150 696 289 736 Idibus
311 696 421 736 Febr.

190 827 274 863 XV
493 830 561 863 Scr.
583 830 715 862 Romae
730 830 779 862 Id.
795 830 896 862 Mart.
915 842 946 862 (τ.
965 831 1023 871 695
1042 829 1127 872 (61).

562 920 737 951 CICERO
770 920 943 951 ATTICO
978 919 1074 951 SAL.
1502 929 1541 952 10

112 1021 128 1048 1
202 1007 337 1047 Asiam
364 1007 526 1057 Quinto,
551 1006 784 1046 suavissimo
809 1007 927 1054 fratri,
955 1006 1142 1057 obtigisse
1170 1006 1325 1045 audisti.
1386 1007 1481 1045 Non
1763 1004 1769 1050 ί

148 1073 253 1111 enirn
282 1074 422 1113 dubito
451 1072 546 1123 quin
575 1072 738 1110 celerius
765 1072 835 1110 tibi
862 1073 939 1110 hoc
967 1086 1099 1110 rumor
1126 1086 1245 1121 quam
1269 1072 1384 1110 ullius
1415 1085 1482 1109 no·
1763 1054 1769 1113 i

149 1146 271 1176 strum
299 1138 448 1177 litterae
476 1136 702 1175 nuntiarint.
764 1138 883 1175 Nunc
912 1136 1100 1186 quoniam
1125 1144 1163 1175 et
1190 1136 1316 1174 laudis
1343 1136 1482 1174 avidis-
1765 1140 1767 1142 ’

148 1203 236 1241 simi
257 1216 411 1253 semper
431 1202 576 1241 fuimus
604 1209 642 1240 et
670 1209 821 1252 praeter
847 1209 997 1240 ceteros
1028 1203 1254 1250 φιλέλληνες
1281 1208 1318 1239 et
1345 1214 1480 1238 sumus

148 1276 186 1306 et
208 1268 399 1306 habemur
428 1274 466 1305 et
491 1268 705 1306 multorum
727 1265 819 1304 odia
838 1274 958 1316 atque
980 1266 1203 1304 inimicitias
1224 1265 1277 1304 rei
1298 1265 1480 1316 publicae
1503 1281 1538 1312 15

149 1346 266 1371 causa
305 1332 561 1382 suscepimuS,
602 1333 778 1381 παντοίης
820 1334 950 1381 ἀρετῆς
991 1333 1199 1382 μιμνήσκεο
1238 1344 1410 1380 curaque
1447 1336 1484 1367 et

105 1409 129 1435 2
150 1399 259 1437 effice
280 1405 323 1436 ut
349 1398 399 1435 ab
428 1397 613 1436 omnibus
638 1404 676 1435 et
703 1398 909 1435 laudemur
933 1404 972 1435 et
998 1410 1186 1435 amemur.
1248 1396 1324 1434 His
1351 1399 1401 1435 de
1428 1410 1482 1434 re-

151 1463 223 1502 bus
253 1464 364 1513 plura
392 1464 442 1500 ad
470 1470 508 1501 te
538 1462 577 1499 in
603 1475 648 1500 ea
673 1462 840 1512 epistula
870 1462 1037 1500 scribam
1070 1476 1189 1512 quam
1220 1462 1293 1511 ipsi
1329 1461 1481 1511 Quinto

150 1528 266 1566 dabo.
309 1529 372 1566 Tu
395 1540 456 1565 rne
477 1526 593 1565 velim
611 1526 816 1565 certiorem
838 1526 955 1565 facias
978 1526 1074 1576 quid
1096 1528 1145 1565 de
1167 1526 1263 1564 meis
1286 1525 1480 1564 mandatis
1756 1540 1790 1611 ιι

150 1592 272 1643 egeris
293 1599 411 1641 atque
439 1591 556 1630 etiarn
587 1591 683 1640 quid
709 1592 758 1629 de
785 1599 853 1628 tuo
878 1591 1063 1640 negoti03
1093 1605 1184 1628 narn
1206 1599 1248 1628 ut
1271 1590 1481 1628 Brundisio
1504 1605 1542 1627 20
1766 1587 1778 1646 ι’

150 1659 348 1708 profectus
365 1670 417 1702 eS‚
434 1657 563 1694 nullae
586 1655 681 1693 mihi
702 1656 772 1693 abs
794 1663 831 1693 te
853 1664 942 1693 sunt
964 1656 1140 1694 redditae
1154 1656 1312 1694 litterae.
1354 1656 1481 1694 Valde
1775 1670 1778 1704 y

150 1735 248 1761 aveo
269 1720 366 1760 scire
386 1720 482 1771 quid
502 1733 604 1771 agas.
666 1719 804 1758 Idibus
828 1719 990 1758 Martiis.
1773 1710 1778 1725 ³

195 1857 306 1892 XVI
483 1859 552 1892 Scr.
574 1859 704 1891 Romae
722 1872 766 1891 uz.
791 1860 902 1900 Quint.
922 1871 952 1893 a.
972 1862 1030 1901 69]
1048 1861 1131 1902 (61).
1765 1842 1790 1927 ,ᾗ

567 1949 743 1980 CICERO
767 1949 937 1980 ATTICO
964 1950 1061 1980 SAL.
1765 1923 1767 1929 '

117 2054 134 2081 1
208 2038 375 2088 Quaeris
402 2053 449 2077 ex
476 2052 539 2077 me
563 2039 660 2088 quid
687 2038 871 2078 acciderit
899 2041 948 2077 de
977 2038 1122 2077 iudicio
1143 2040 1251 2089 quod
1276 2046 1355 2077 tarn
1376 2052 1482 2089 prae·
1504 2053 1541 2084 25

155 2112 211 2142 ter
244 2103 474 2154 opinionem
507 2103 686 2142 omnium
717 2105 863 2141 factum
894 2104 952 2150 sit,
976 2112 1013 2142 et
1044 2104 1159 2141 simul
1189 2104 1245 2141 vis
1273 2104 1372 2142 scire
1403 2117 1482 2153 quo

155 2170 277 2207 modo
298 2182 371 2219 ego
393 2168 521 2206 minus
544 2182 661 2219 quam
685 2170 832 2207 soleam
850 2168 1060 2219 proeliatus
1075 2169 1157 2206 sim.
1211 2169 1482 2219 Respondebo

155 2234 225 2273 tibi
247 2235 402 2284 ὕστερον
414 2234 592 2283 πρότερον
606 2233 824 2283 Ὁμηρικῶς.
886 2235 970 2283 Ego
985 2233 1088 2271 enim
1104 2247 1222 2282 quam
1240 2233 1306 2272 diu
1324 2241 1482 2272 senatus

155 2298 365 2337 auctoritas
396 2298 492 2336 mihi
522 2299 775 2337 defendenda
805 2297 885 2344 fuit,
918 2298 973 2336 sic
1000 2298 1138 2336 acriter
1164 2306 1201 2336 et
1232 2299 1483 2336 vehementer

200 2413 218 2442 5
245 2403 329 2433 redii
344 2401 501 2443 Madvig:
527 2403 598 2433 redi
615 2401 703 2432 codd.
841 2403 880 2432 16
903 2406 936 2432 et
953 2402 1027 2433 add.
1048 2402 1066 2432 I
