1817 2832
640 134 752 172 EPP.
785 135 862 172 AD
892 133 1155 173 ATTICVM
1455 133 1550 171 VII.
1569 134 1646 171 xiv

290 245 352 284 De
390 245 618 284 mulieribus
656 245 798 284 nostris
827 245 867 283 in
895 244 1038 295 quibus
1069 252 1127 283 est
1158 252 1225 284 tua
1258 257 1376 292 soror,
1410 257 1556 294 quaeso
1575 255 1601 292 3

233 308 368 349 videas
400 318 443 349 ut
474 310 565 349 satis
596 311 807 348 honestum
840 309 955 348 nobis
987 309 1035 347 sit
1068 323 1133 348 eas
1166 311 1319 348 Rornae
1353 323 1438 348 esse
1467 322 1558 347 cum

233 382 387 414 ceterae
406 375 471 414 illa
491 374 680 425 dignitate
700 374 959 414 discesserint.
1019 376 1114 413 Hoc
1134 374 1268 424 scripsi
1295 376 1346 414 ad
1366 388 1431 413 eas
1450 382 1489 413 et
1507 375 1561 413 ad

234 447 273 478 te
293 439 422 490 ipsum
442 448 567 478 antea.
626 439 757 478 Velim
778 453 843 478 eas
868 440 1071 477 cohortere
1091 447 1133 477 ut
1160 447 1310 486 exeant,
1332 439 1560 490 praesertim

196 517 214 549 5
235 517 326 542 cum
347 518 392 543 ea
421 504 580 555 praedia
608 504 649 542 in
676 517 743 543 ora
769 503 963 542 maritima
991 503 1207 542 habeamus
1238 503 1331 554 quoi
1355 517 1427 554 ego
1455 517 1561 554 prae·

235 582 322 607 sum
354 577 395 607 ut
429 569 469 607 in
500 568 546 607 iis
576 582 647 619 pro
680 582 720 606 re
750 576 841 606 nata
878 581 958 606 non
996 567 1252 606 incommode
1282 568 1432 618 possint
1461 582 1557 607 esse.

236 634 340 672 Nam
362 633 392 671 si
413 633 509 683 quid
529 632 765 671 offendimus
785 632 825 670 in
845 645 988 682 genero
1009 640 1142 670 nostro
1159 632 1286 683 (quod
1307 632 1467 683 quidem
1488 646 1561 683 ego

234 707 429 749 praestare
445 712 525 736 non
542 697 814 748 debeo)—sed
830 697 870 735 id
886 698 928 735 fit
943 696 1068 735 maius
1084 699 1193 747 quod
1211 697 1390 736 mulieres
1407 706 1562 737 nostrae

235 770 387 812 praeter
415 770 561 801 ceteras
593 764 746 800 Romae
779 768 1058 799 remanserunt.
1117 763 1179 799 Tu
1210 761 1293 812 ipse
1321 775 1412 800 cum
1444 763 1562 801 Sexto

178 841 216 865 10
236 826 333 865 scire
366 827 483 865 velim
517 826 613 876 quid
644 826 791 876 cogites
820 827 871 864 de
904 827 1086 865 exeundo
1119 827 1170 865 de
1202 834 1363 876 totaque
1396 841 1436 865 re
1465 827 1562 877 quid

235 891 442 930 existimes.
503 891 700 941 Equidem
729 892 780 929 ad
808 904 947 941 pacem
976 890 1120 929 hortari
1150 905 1231 929 non
1260 890 1423 939 desin03
1461 905 1562 941 quae

235 958 296 995 vel
317 956 460 994 iniusta
479 955 610 994 utilior
629 964 687 994 est
707 969 827 1005 quam
847 955 1103 994 iustissimum
1125 956 1271 994 bellum
1286 969 1376 994 cum
1397 955 1560 996 civibus.

236 1022 315 1059 Sed
335 1022 432 1059 haec
453 1028 495 1058 ut
515 1022 593 1059 fors
613 1020 753 1058 tulerit.

279 1131 363 1165 XV
573 1133 642 1166 Ser.
665 1133 795 1175 Capuae
810 1145 830 1165 v
844 1134 886 1166 K.
905 1134 992 1166 Febr.
1012 1145 1041 1166 a.
1063 1144 1116 1174 705
1137 1135 1222 1176 (49).

177 1223 215 1257 15
650 1222 824 1253 CICERO
848 1222 1018 1253 ATTICO
1044 1222 1142 1254 SAL.

287 1313 342 1350 Vt
371 1312 421 1350 ab
446 1312 542 1350 urbe
571 1311 744 1358 discessi,
768 1313 919 1349 nullum
948 1313 1080 1350 adbuc
1110 1311 1300 1351 intermisi
1330 1312 1434 1352 diem
1466 1313 1561 1363 quin
1581 1327 1599 1354 1

234 1377 383 1427 aliquid
413 1378 464 1415 ad
494 1385 531 1415 te
560 1377 773 1415 litterarum
803 1378 948 1424 darem,
978 1391 1059 1415 non
1090 1390 1169 1427 quo
1199 1378 1385 1417 haberem
1417 1392 1561 1429 magno

234 1455 352 1491 opere
382 1443 491 1492 quod
515 1442 725 1480 scriberem
756 1443 826 1480 sed
850 1450 891 1480 ut
918 1444 1097 1491 loquerer
1125 1450 1256 1480 tecum
1283 1444 1426 1481 absens
1440 1458 1450 1491 ,-
1481 1456 1562 1493 quo

235 1507 342 1554 mihi,
365 1521 455 1545 cum
477 1520 608 1545 coram
630 1506 670 1545 id
691 1520 771 1544 non
793 1506 893 1553 licet,
916 1507 1012 1544 nihil
1033 1515 1091 1545 est
1111 1507 1332 1545 iucundius.

176 1585 216 1607 20
289 1573 468 1621 Capuam
501 1585 591 1609 cum
624 1571 818 1609 venissem
851 1585 883 1608 a.
916 1573 952 1609 d.
986 1584 1025 1608 vl
1059 1573 1146 1609 Kal.
1179 1571 1304 1621 pridie
1335 1585 1454 1621 quam
1489 1574 1558 1611 has
1579 1585 1603 1612 2

233 1635 378 1674 litteras
408 1636 512 1684 dedi,
546 1638 728 1674 consules
769 1635 937 1674 conveni
975 1637 1200 1685 multosque
1238 1636 1360 1673 nostri
1398 1637 1556 1676 ordinis.

232 1702 384 1740 Omnes
413 1701 626 1752 cupiebant
657 1702 866 1740 Caesarem
896 1700 1077 1739 abductis
1109 1700 1311 1750 praesidiis
1341 1709 1440 1739 stare
1470 1715 1561 1740 con-

231 1765 454 1805 dicionibus
475 1766 520 1805 iis
541 1780 637 1816 quas
659 1766 809 1804 tulisset
825 1781 834 1813 3
863 1765 931 1804 uni
953 1765 1128 1803 Favonio
1155 1767 1259 1814 leges
1279 1766 1330 1804 ab
1357 1765 1424 1804 illo
1444 1766 1558 1805 nobis

232 1830 383 1880 imponi
403 1845 483 1869 non
513 1831 703 1881 placebat.
764 1832 842 1869 Sed
862 1831 918 1871 †is
945 1830 1102 1868 auditus
1130 1829 1194 1870 in†
1221 1829 1397 1869 consilio.
1457 1832 1558 1870 Cato

175 1908 212 1939 25
233 1895 338 1933 enim
359 1895 441 1945 ipse
462 1895 538 1933 iam
561 1895 701 1933 servire
722 1909 840 1944 quam
861 1908 1033 1945 pugnare
1055 1896 1226 1942 mavult3
1256 1895 1326 1932 sed
1353 1901 1485 1933 tamen
1504 1895 1558 1934 ait

231 1959 271 1997 in
302 1968 438 1997 senatu
468 1973 508 1997 se
537 1961 675 1998 adesse
699 1961 798 1997 velle
827 1973 917 1997 cum
947 1961 997 1997 de
1027 1959 1330 1997 condicionibus
1359 1967 1503 2009 agatur,
1527 1960 1559 1998 si

232 2025 376 2063 Caesar
395 2024 589 2062 adductus
610 2023 659 2061 sit
679 2031 721 2061 ut
738 2023 929 2073 praesidia
945 2024 1127 2062 deducat.
1172 2025 1243 2070 Ita,
1260 2024 1368 2073 quod
1390 2024 1558 2062 maxime

274 2136 293 2165 5
318 2127 457 2165 praedia
477 2125 665 2156 Corradus:
689 2126 858 2165 praesidia
876 2126 924 2165 M,
943 2126 979 2165 cs
1004 2136 1051 2164 17.
1077 2137 1091 2156 1
1227 2127 1247 2156 8
1271 2127 1332 2156 sed
1357 2125 1413 2156 M:
1439 2127 1498 2156 sed
1516 2137 1556 2157 eo

229 2170 376 2209 Kayser:
403 2170 531 2200 scilicet
549 2169 634 2199 Reid
766 2179 798 2199 11
828 2169 991 2208 Equidem
1011 2169 1057 2199 C:
1080 2170 1217 2208 quidem
1235 2169 1277 2198 M
1362 2171 1402 2199 ad
1423 2169 1465 2200 C:
1491 2180 1554 2201 om.

231 2212 278 2247 M,
300 2214 354 2243 vix
371 2217 445 2242 recle
579 2222 616 2242 12
641 2223 715 2242 cum
741 2213 870 2243 civibus
896 2212 970 2243 CZ:
1006 2224 1070 2243 om.
1093 2212 1167 2244 Ml:
1194 2212 1227 2242 in
1246 2213 1374 2243 civibus
1391 2213 1430 2242 M
1446 2223 1553 2252 marg.

235 2266 273 2294 19
298 2257 375 2286 licet
394 2255 500 2285 NHF
518 2255 622 2286 Anl.:
649 2255 766 2285 liceret
790 2255 830 2284 M
960 2266 1000 2294 24
1026 2256 1053 2286 is
1069 2257 1204 2286 auditus
1221 2257 1357 2286 auditus
1376 2256 1407 2285 in
1434 2255 1475 2285 M
1490 2255 1561 2295 (sed

231 2300 371 2329 alterum
391 2299 527 2329 auditus
547 2298 721 2337 deleturum
748 2299 774 2328 is
795 2299 883 2328 haud
909 2300 1044 2329 auditus
1062 2300 1094 2329 in
1112 2300 1254 2329 Rosius:
1284 2300 1311 2329 is
1331 2300 1466 2330 auditur
1482 2300 1556 2330 sine

231 2342 388 2382 Maclvtg:
414 2342 441 2372 is
458 2353 476 2372 a
495 2342 586 2372 nullo
610 2343 745 2372 auditur
770 2342 803 2372 in
832 2342 971 2372 Mz't'ller:
997 2342 1078 2380 sort.
1099 2343 1156 2372 vix
1178 2343 1326 2373 auditust
1350 2343 1385 2373 in
1483 2346 1558 2383 post

231 2386 373 2417 consilio
390 2385 465 2416 add.
487 2396 554 2415 non
573 2390 624 2416 est
647 2385 768 2415 Iunius
782 2396 797 2416 e
811 2385 967 2416 codicibus
981 2386 1053 2417 suis
