1817 2832
153 133 201 170 V.
226 143 288 169 xx
617 135 672 171 M.
706 133 874 171 TVLLI
906 132 1213 172 CICERONIS

262 256 326 281 me
353 249 457 281 certa
484 244 533 281 de
564 250 601 281 te
631 250 669 281 et
698 256 721 280 a
750 250 788 281 te
816 244 965 281 referat.
1024 243 1158 282 Alexis
1182 244 1290 293 quod
1321 243 1417 282 mihi
1448 243 1591 282 totiens

262 310 427 347 salutem
450 308 637 347 adscribit
658 315 716 346 est
736 316 888 358 gratum
905 323 914 355 3
944 309 1013 347 sed
1034 322 1102 346 cur
1122 322 1203 347 non
1224 309 1303 347 suis
1330 309 1464 348 litteris
1485 309 1591 347 idem

262 373 354 412 facit
385 375 494 424 quod
528 387 639 412 meus
677 375 728 412 ad
767 381 805 412 te
844 373 976 412 Alexis
1015 373 1135 412 facit?
1191 374 1358 413 Phemio
1396 374 1593 424 quaeritur

263 440 378 489 κέρας.
438 439 518 478 Sed
551 440 650 477 haec
684 440 886 477 hactenus.
947 439 1051 477 Cura
1082 445 1125 476 ut
1156 439 1285 477 valeas
1319 446 1357 477 et
1395 447 1438 477 ut
1471 439 1593 477 sciam

262 504 424 554 quando
444 503 592 553 cogites
615 505 797 542 Romam.
858 503 989 541 Etiam
1009 510 1129 553 atque
1150 503 1268 541 etiarn
1289 505 1384 541 vale.

195 573 242 602 10
315 570 405 606 Tua
433 576 602 619 tuosque
631 570 806 606 Thermo
836 576 875 607 et
904 581 1087 618 praesens
1119 567 1267 618 Ephesi
1296 568 1593 618 diligentissime

262 635 585 673 commendaram
613 641 652 672 et
679 647 785 672 nunc
812 647 880 684 per
907 633 1052 672 litteras
1077 633 1287 683 ipsumque
1316 633 1488 672 intellexi
1509 647 1594 672 esse

261 699 555 750 perstudiosum
586 699 652 737 tui.
712 701 775 737 Tu
797 699 925 745 velim,
950 700 1058 749 quod
1088 706 1205 737 antea
1231 700 1281 737 ad
1309 706 1347 737 te
1374 698 1521 749 scripsi,
1544 699 1594 737 de

261 766 383 804 domo
406 764 611 803 Pammeni
636 765 705 803 des
727 778 886 815 operam
912 772 954 802 ut
975 765 1083 814 quod
1104 772 1173 802 tuo
1201 778 1371 814 meoque
1397 763 1593 802 beneficio

261 843 357 880 puer
395 831 515 868 habet
554 843 665 868 cures
699 843 749 868 ne
788 843 866 879 qua
910 829 1060 868 ratione
1098 831 1349 867 convellatur.
1427 828 1593 880 Vtrique

261 903 438 934 nostrum
461 897 672 934 honestum
695 894 900 942 existimo,
930 902 1013 933 tum
1036 894 1132 932 mihi
1152 894 1223 933 erit
1243 901 1476 945 pergratum.

305 1041 415 1076 XXI
592 1042 660 1076 Ser.
683 1042 858 1074 Laodiceae
872 1042 922 1074 Id.
940 1043 1032 1074 Febr.
1051 1053 1082 1075 a.
1104 1052 1164 1083 704
1183 1042 1271 1085 (50).
1310 1048 1314 1054 ¹

682 1125 858 1157 CICERO
882 1125 1054 1156 ATTICO
1079 1125 1179 1156 SAL.

225 1227 241 1254 1
315 1214 375 1251 Te
402 1211 442 1250 in
468 1211 631 1262 Epirum
663 1212 813 1249 salvum
835 1210 988 1249 venisse
1014 1218 1063 1258 et,
1087 1217 1129 1249 ut
1158 1210 1305 1258 scribis,
1329 1224 1375 1250 ex
1399 1211 1594 1251 sententia

262 1277 464 1327 navigasse
479 1278 734 1315 vehementer
753 1277 918 1326 gaudeo,
935 1289 1015 1314 non
1037 1289 1122 1314 esse
1139 1277 1293 1314 Romae
1309 1290 1399 1315 meo
1415 1284 1593 1327 ternpore

261 1341 553 1393 pernecessario
585 1342 827 1380 submoleste
858 1342 951 1379 fero.
1012 1343 1106 1380 Hoc
1138 1355 1200 1379 me
1239 1349 1370 1380 tamen
1411 1344 1594 1380 consolor

263 1422 344 1447 uno
361 1423 367 1446 :
398 1421 513 1458 spero
533 1415 571 1446 te
591 1406 678 1445 istic
698 1406 872 1445 iucunde
893 1406 1065 1445 hiemare
1092 1414 1130 1445 et
1150 1406 1317 1445 libenter
1337 1407 1590 1457 requiescere.

220 1485 245 1513 2
268 1476 309 1513 C.
335 1473 509 1519 Cassius,
536 1474 651 1511 frater
681 1473 732 1521 Q.
754 1472 866 1512 Cassi
898 1472 1096 1510 familiaris
1125 1471 1193 1519 tui,
1226 1472 1480 1522 pudentiores
1510 1473 1594 1511 illas

263 1540 409 1578 litteras
448 1538 606 1576 miserat
644 1539 694 1576 de
733 1538 877 1588 quibus
916 1545 958 1575 tu
997 1551 1043 1576 ex
1081 1551 1145 1575 me
1183 1538 1346 1587 requiris
1385 1538 1481 1588 quid
1520 1538 1594 1577 sibi

263 1603 457 1643 voluerint
478 1617 597 1653 quarn
619 1617 683 1641 eas
708 1616 805 1652 quas
826 1610 964 1653 postea
990 1602 1105 1649 misit,
1129 1602 1273 1652 quibus
1303 1616 1371 1652 per
1391 1616 1432 1641 se
1460 1603 1593 1642 scribit

263 1673 489 1711 confectum
510 1685 595 1710 esse
618 1670 840 1709 Parthicum
863 1672 1023 1709 bellum.
1075 1672 1335 1709 Recesserant
1355 1670 1409 1707 illi
1430 1670 1593 1720 quidem

262 1737 312 1776 ab
333 1736 548 1775 Antiochia
569 1744 660 1774 ante
683 1735 812 1774 Bibuli
835 1737 1051 1773 adventum
1074 1737 1143 1774 sed
1169 1737 1279 1774 nullo
1306 1743 1440 1774 nostro
1463 1738 1590 1785 εὐημε-

260 1803 395 1852 ρήματι
410 1816 420 1849 ;
457 1800 577 1839 hodie
607 1814 698 1838 vero
728 1800 904 1839 hiemant
934 1800 974 1837 in
1009 1800 1266 1849 Cyrrhestica,
1299 1800 1594 1850 maximumque

263 1868 409 1906 bellum
449 1866 663 1916 impendet.
723 1867 827 1904 Nam
863 1874 901 1904 et
936 1865 1061 1904 Orodi
1095 1865 1194 1915 regis
1225 1867 1458 1904 Parthorum
1491 1866 1592 1904 filius

261 1932 300 1970 in
332 1931 532 1982 provincia
566 1938 698 1969 nostra
729 1938 798 1977 est,
831 1944 904 1969 nec
933 1930 1088 1969 dubitat
1119 1930 1342 1978 Deiotarus,
1370 1931 1480 1969 cuius
1511 1931 1591 1969 filio

262 2006 376 2048 pacta
410 2005 468 2036 est
499 1996 726 2035 Artavasdis
761 1996 840 2034 filia
878 2011 924 2035 ex
958 2010 1038 2046 quo
1073 1996 1159 2035 sciri
1198 2004 1341 2046 potest,
1373 1997 1468 2047 quin
1500 2011 1590 2035 cum

262 2063 446 2102 omnibus
467 2062 590 2112 copiis
611 2062 694 2111 ipse
716 2061 840 2111 prima
860 2069 1008 2101 aestate
1030 2063 1259 2111 Euphraten
1281 2062 1510 2100 transiturus
1531 2062 1590 2101 sit.

263 2130 355 2178 Quo
384 2136 517 2166 autem
547 2127 611 2166 die
643 2127 755 2167 Cassi
785 2127 935 2166 litterae
965 2127 1142 2166 victrices
1174 2127 1212 2165 in
1243 2135 1380 2166 senatu
1410 2128 1594 2167 recitatae

304 2243 326 2272 9
350 2232 401 2273 ut]
422 2237 456 2262 et
474 2232 557 2263 Boot
650 2243 689 2262 10
724 2242 760 2262 11
780 2231 922 2270 Vtrique
935 2236 1085 2261 nostrum
1097 2231 1278 2261 honestum
1298 2230 1327 2260 L
1343 2232 1481 2271 ‹suzargst
1500 2231 1587 2262 Crat.

263 2271 327 2306 2⁷³:
352 2287 417 2307 om.
439 2277 619 2307 honestum
641 2280 718 2308 ΣΔε
743 2276 774 2305 id
800 2286 874 2305 cum
900 2276 1078 2306 honestum
1104 2275 1236 2314 utrique
1260 2274 1437 2305 B1‘t'cl1clcr:
1461 2275 1492 2304 id
1518 2286 1592 2305 cum

263 2320 396 2358 utrique
416 2326 568 2350 nostrum
587 2321 765 2350 honestum
788 2319 977 2358 ll’esenbm'g
1067 2320 1115 2358 16,
1140 2329 1175 2357 17
1202 2319 1360 2350 consolor
1378 2329 1466 2348 uno·
1491 2328 1592 2358 spero

263 2363 421 2402 Mmlwgr:
448 2364 627 2400 consolor;
653 2374 718 2392 non
741 2374 843 2401 spero
867 2362 954 2394 sodd.
986 2362 1095 2392 Bat‘ler
1284 2363 1322 2393 18
1346 2362 1384 2393 C.
1405 2361 1479 2393 add.
1509 2363 1595 2392 Boot

263 2408 484 2446 pudentiores
506 2406 595 2438 Vicit:
620 2406 859 2446 prudentiores
876 2405 914 2435 M
