1817 2832
166 133 213 169 V.
241 132 318 169 xxi
713 134 825 171 EPP.
859 135 936 197 AI)
966 134 1227 174 ATTICVM

287 245 371 283 ὁδοῦ
386 246 577 297 πάρεργον,
592 246 637 282 L.
658 244 851 282 Lucceius
874 246 928 282 M.
946 246 968 282 f.
986 245 1159 295 queritur
1173 247 1279 295 apud
1301 260 1363 285 me
1384 260 1452 297 per
1471 246 1616 285 litteras

286 323 485 348 summum
516 323 601 348 esse
631 309 849 360 periculum
871 324 920 348 ne
947 312 1064 360 culpa
1088 318 1245 349 senatus
1276 311 1335 349 his
1363 312 1530 350 decretis
1557 325 1617 349 res

286 376 336 412 ad
366 375 519 412 tabulas
549 388 670 412 novas
701 374 925 424 perveniat3
965 383 1250 413 commemorat
1280 376 1376 425 quid
1405 376 1499 414 olim
1525 376 1615 414 mali

288 441 332 478 C.
375 439 498 477 Iulius
537 440 670 478 fecerit
709 454 800 478 cum
849 440 1044 478 dieculam
1091 440 1269 488 duxerit3
1306 455 1524 491 numquam
1564 442 1617 479 rei

287 505 468 555 publicae
506 507 604 555 plus.
665 506 744 544 Sed
782 506 832 543 ad
872 520 953 544 rem
993 507 1123 544 redeo.
1198 506 1394 544 Meditare
1431 508 1617 545 adversus
1639 522 1655 552 5

289 573 453 607 Brutum
476 583 635 607 causam
657 583 800 618 meam,
822 570 852 608 si
874 572 971 609 haec
993 584 1111 609 causa
1132 578 1189 609 est
1214 579 1350 610 contra
1373 585 1491 621 quam
1521 571 1618 609 nihil

288 636 453 673 honeste
474 634 552 673 dici
573 642 716 685 potest,
732 635 959 685 praesertim
977 649 1067 674 cum
1089 635 1280 686 integram
1297 650 1378 674 rem
1400 644 1438 675 et
1460 650 1618 675 causam

288 699 521 749 reliquerim.

225 771 270 810 14
346 764 514 815 Reliqua
535 772 625 802 sunt
650 764 878 803 domestica.
940 768 1001 804 De
1023 767 1208 819 ἐνδομύχῳ
1229 768 1355 817 probo
1382 767 1488 806 idem
1510 769 1618 817 quod

288 839 340 877 tu,
361 830 587 869 Postumiae
608 830 699 876 filio,
723 830 911 880 quoniam
934 831 1118 870 Pontidia
1139 840 1316 882 nugatur.
1378 834 1456 871 Sed
1477 834 1617 871 vellem
1642 848 1679 869 10
1791 860 1814 882 Ι,

285 897 454 934 adesses.
514 898 551 933 A
581 895 733 945 Quinto
763 897 877 934 fratre
907 896 967 934 his
998 897 1201 936 mensibus
1232 897 1329 935 nihil
1359 897 1618 947 exspectaris3

286 974 376 997 nam
394 962 548 998 Taurus
569 969 727 1010 propter
743 960 851 999 nives
872 969 964 1000 ante
986 976 1163 1000 mensem
1183 961 1343 1000 Iunium
1365 961 1516 1000 transiri
1538 976 1617 1000 non

286 1033 428 1075 potest.
498 1027 729 1073 Thermum,
771 1034 813 1064 ut
852 1040 978 1077 rogas,
1018 1027 1262 1066 creberrimis
1302 1027 1437 1066 litteris
1485 1027 1614 1065 fulcio.
1657 1071 1659 1073 ¹

286 1093 327 1129 P.
351 1091 551 1129 Valerium
573 1099 689 1141 negat
710 1092 855 1130 habere
883 1092 1096 1142 quicquam
1124 1092 1333 1130 Deiotarus
1354 1106 1420 1130 rex
1446 1106 1617 1141 eumque

283 1156 335 1194 ait
352 1170 376 1193 α
393 1170 433 1194 56
448 1157 665 1194 sustentari.
712 1158 815 1196 Cum
837 1156 935 1195 scies
954 1158 1107 1195 Romae
1124 1156 1395 1195 intercalatum
1413 1156 1461 1195 sit
1477 1171 1616 1201 necne,
1640 1173 1676 1204 15

283 1221 398 1259 velim
429 1222 479 1259 ad
504 1235 567 1260 me
597 1222 743 1260 scribas
774 1230 924 1260 certum
954 1235 1034 1272 quo
1064 1222 1128 1260 die
1158 1222 1340 1272 mysteria
1369 1223 1498 1260 futura
1528 1222 1613 1260 sint.

285 1286 449 1324 Litteras
480 1294 565 1325 tuas
596 1286 726 1325 minus
756 1288 875 1336 paulo
906 1294 1090 1337 exspecto
1120 1300 1239 1337 quarn
1267 1286 1299 1325 si
1327 1288 1481 1325 Romae
1512 1301 1616 1325 esses

283 1354 351 1391 sed
382 1361 514 1391 tamen
545 1360 741 1403 exspecto.

330 1467 341 1486 Ι
371 1458 397 1487 L
414 1456 489 1487 add.
510 1456 640 1487 Ellendt
770 1468 788 1495 4
815 1456 950 1487 duxerit
978 1455 1163 1487 Corradus:
1189 1456 1313 1487 dixerit
1336 1456 1401 1486 M:
1425 1457 1616 1496 prodixerit

284 1501 381 1530 Klots
560 1510 597 1539 15
623 1511 641 1530 a
667 1499 743 1531 add.
772 1500 952 1530 Asfensins
1121 1500 1306 1531 sustentari
1325 1500 1384 1531 M:
1421 1511 1493 1530 -are
1511 1501 1611 1531 Rom.

288 1547 326 1574 16
350 1545 475 1574 scribas
500 1549 535 1574 ut
560 1549 687 1575 eertum
720 1544 824 1575 sciam
856 1543 950 1582 Boot,
983 1543 1041 1574 sed
1064 1544 1100 1583 cf
1136 1544 1241 1575 Acad.
1277 1544 1309 1575 ii.
1342 1554 1394 1583 92,
1431 1542 1524 1575 Orat.
1553 1549 1615 1584 pro

284 1589 410 1618 Scauro
426 1597 466 1626 34
