1790 2837
593 121 705 159 EPP.
737 122 815 159 AD
844 121 1103 161 ATTICVM
1435 123 1490 163 II.
1513 124 1590 163 xxi

213 230 421 277 offendere,
444 237 598 281 putarat
619 232 765 271 Caesar
783 231 958 270 oratione
979 245 1049 270 sua
1075 246 1191 283 posse
1216 231 1362 284 impelli
1391 234 1539 273 contio-

212 308 302 333 nem
323 302 366 333 ut
386 294 456 333 iret
476 296 527 333 ad
549 295 762 343 Bibulum3
791 298 915 334 multa
939 309 1030 334 cum
1061 297 1356 336 seditiosissime
1378 298 1538 347 diceret,

210 373 348 399 vocem
378 360 593 410 exprimere
622 375 703 399 non
733 361 872 411 potuit.
930 361 1038 410 Quid
1067 363 1253 412 quaeris?
1292 364 1464 402 sentiunt
1495 378 1536 403 se

210 426 358 462 nullam
405 425 521 463 ullius
566 426 685 476 partis
722 428 965 465 voluntatem
1004 434 1149 466 tenere.
1218 429 1278 466 Eo
1317 429 1438 479 magis
1478 429 1535 468 vis

171 502 188 533 5
209 490 324 529 nobis
355 497 413 529 est
442 491 628 530 timenda.

264 556 429 595 Clodius
460 555 641 594 inimicus
672 564 730 594 est
764 555 890 595 nobis.
961 557 1172 607 Pompeius
1206 560 1412 597 confirmat
1441 572 1531 597 eum
1553 557 1580 594 6

208 620 306 658 nihil
330 635 415 659 esse
439 622 631 659 facturum
651 629 788 660 contra
814 635 891 660 me.
948 622 1050 660 Mihi
1077 623 1340 673 periculosum
1370 632 1427 663 est
1457 638 1535 663 cre-

209 687 312 733 dere,
344 687 394 724 ad
425 686 685 725 resistendum
717 700 781 724 me
811 699 920 737 paro.
977 687 1114 725 Studia
1145 702 1259 738 spero
1288 702 1352 727 me
1381 703 1535 727 summa

209 751 432 789 habitururn
464 750 642 788 omniurn
671 751 866 790 ordinum.
925 753 984 790 Te
1013 765 1103 790 cum
1133 766 1206 802 ego
1236 753 1428 801 desidero,
1451 761 1533 791 tum

152 831 190 853 10
208 829 299 854 vero
328 829 387 854 res
417 816 467 853 ad
493 824 648 866 tempus
677 815 774 854 illud
795 822 919 854 vocat.
980 816 1197 855 Plurimum
1228 818 1380 866 consili,
1399 818 1532 865 animi,

207 879 375 930 praesidi
405 880 577 930 denique
607 880 714 927 mihi,
745 880 775 918 si
805 888 843 919 te
871 882 922 919 ad
952 888 1107 932 tempus
1138 882 1282 930 videro,
1315 884 1531 922 accesserit.

205 946 330 983 Varro
351 944 447 982 mihi
469 945 560 983 satis
581 945 684 983 facit.
735 945 948 995 Pompeius
969 946 1141 996 loquitur
1163 947 1362 987 divinitus.
1410 950 1533 998 Spero

206 1023 278 1048 nos
291 1017 358 1048 aut
372 1023 461 1048 cum
476 1023 630 1047 summa
642 1009 764 1060 gloria
782 1018 849 1048 aut
863 1018 966 1049 certe
983 1010 1067 1049 sine
1083 1011 1263 1050 molestia
1278 1012 1529 1051 discessuros.

205 1076 268 1112 Tu
289 1074 385 1124 quid
404 1088 508 1124 agas,
529 1088 646 1124 quem
667 1076 718 1112 ad
739 1076 903 1113 modum
930 1082 968 1114 te
995 1076 1180 1123 oblectes,
1203 1076 1299 1126 quid
1319 1090 1409 1116 cum
1430 1077 1533 1127 Sicy-

146 1153 183 1188 15
205 1139 306 1179 oniis
326 1139 448 1190 egeris
468 1146 511 1178 ut
532 1140 652 1178 sciam
674 1153 776 1178 cura.

247 1240 382 1276 XXII
449 1242 519 1275 Ser.
540 1243 669 1275 Romae
678 1246 754 1284 post
768 1244 826 1275 viii
838 1243 880 1275 K.
898 1243 1000 1283 δελ-1.,
1021 1247 1096 1276 ante
1109 1255 1154 1276 xv
1168 1244 1212 1276 K.
1233 1243 1317 1276 Nov.
1338 1256 1368 1277 a.
1391 1247 1450 1286 69)-

678 1288 754 1328 (59)
767 1298 777 1318 .’
792 1288 872 1328 fort.
894 1299 938 1319 m.
959 1288 1047 1320 Sext.

621 1358 794 1390 CICERO
819 1359 993 1391 ATTICO
1019 1360 1115 1392 SAL.

257 1427 388 1475 Quam
408 1426 549 1465 vellem
578 1426 732 1464 Romae
759 1426 994 1464 mansisses!
1050 1427 1265 1466 Mansisses
1291 1429 1468 1479 profecto
1497 1428 1527 1468 si
1548 1442 1564 1469 1

144 1509 182 1530 20
202 1491 299 1529 haec
320 1492 402 1529 fore
421 1499 679 1541 putassemus.
740 1492 844 1529 Nam
871 1493 1118 1530 Pulchellum
1147 1500 1323 1531 nostrum
1346 1493 1528 1533 facillime

201 1565 423 1595 teneremus
456 1563 523 1593 aut
557 1563 661 1593 certe
696 1555 792 1605 quid
829 1563 931 1593 esset
969 1557 1140 1594 facturus
1178 1557 1275 1596 scire
1308 1571 1524 1608 possemus.

200 1622 318 1659 Nunc
350 1633 391 1658 se
421 1634 481 1658 res
513 1619 567 1658 sic
602 1620 732 1659 habet.
805 1620 964 1667 Volitat,
994 1621 1108 1669 furit3
1146 1621 1242 1659 nihil
1272 1623 1390 1661 habet
1417 1624 1523 1672 certi,

199 1685 330 1724 multis
362 1684 592 1733 denuntiat3
627 1686 735 1735 quod
766 1686 843 1723 fors
877 1685 1060 1724 obtulerit
1095 1685 1135 1724 id
1164 1693 1320 1725 acturus
1349 1687 1527 1736 videtur3

198 1765 287 1790 cum
309 1750 415 1789 videt
437 1764 515 1800 quo
543 1750 591 1788 sit
618 1750 658 1788 in
685 1750 779 1788 odio
808 1758 930 1788 status
951 1750 1014 1789 hic
1033 1764 1172 1799 rerum,
1191 1751 1231 1789 in
1252 1765 1319 1790 eos
1341 1752 1407 1802 qui
1428 1754 1525 1791 haec

198 1824 359 1867 egerunt
379 1816 570 1866 impetum
598 1817 769 1854 facturus
791 1816 944 1854 videtur
958 1831 968 1864 3
997 1830 1086 1854 cum
1108 1824 1240 1855 autem
1270 1831 1399 1855 rursus
1429 1832 1524 1868 opes

197 1896 331 1921 eorum
357 1890 395 1920 et
425 1881 615 1920 exercitus
642 1883 877 1928 recordatur,
901 1881 1092 1919 convertit
1112 1895 1153 1920 se
1179 1881 1219 1919 in
1246 1882 1384 1930 bonos,
1407 1883 1523 1921 nobis

195 1955 325 1986 autem
358 1947 451 1997 ipsis
483 1955 567 1985 tum
601 1946 679 1985 vim
713 1954 795 1985 tum
833 1946 1021 1984 iudicium
1062 1945 1240 1984 minatur.
1310 1948 1413 1986 Cum
1445 1950 1564 1987 hoc2

196 2013 407 2063 Pompeius
428 2013 505 2064 egit
525 2021 572 2060 et,
592 2020 634 2051 ut
654 2014 704 2051 ad
725 2027 788 2051 me
808 2012 891 2062 ipse
911 2011 1099 2050 referebat
1116 2011 1250 2060 (alium
1267 2012 1370 2050 enim
1393 2014 1521 2052 habeo

194 2078 394 2117 neminem
424 2079 591 2129 testem),
613 2079 867 2116 vehementer
891 2077 978 2127 egit,
1001 2090 1091 2114 cum
1121 2076 1268 2115 diceret
1297 2076 1337 2114 in
1366 2090 1520 2117 summa

240 2187 278 2216 13
303 2181 358 2207 aut
376 2201 383 2207 .
401 2200 408 2207 .
430 2201 436 2207 .
457 2181 514 2207 aut
531 2181 623 2207 certe
640 2176 734 2208 Man.
759 2178 796 2217 cf
816 2187 867 2207 22.
885 2186 924 2215 5:
951 2180 1007 2206 aut
1025 2180 1116 2206 certe
1132 2199 1140 2206 .
1163 2199 1170 2206 .
1188 2198 1196 2206 .
1216 2179 1272 2205 aut
1288 2175 1387 2205 etiam
1406 2174 1493 2206 codd.
1510 2188 1516 2207 2

194 2225 251 2250 aut
273 2224 462 2251 certaturos
479 2243 486 2250 .
505 2244 512 2251 .
535 2244 541 2251 .
560 2221 730 2250 autetiam
748 2219 930 2260 lVesmbcug
1052 2229 1090 2257 19
1113 2218 1222 2257 Quam
1244 2218 1362 2248 vellem
1388 2219 1518 2250 Romae

194 2265 396 2294 mansisses!
436 2263 621 2293 Mansisses
647 2264 799 2302 profecto
825 2263 965 2294 Rosius:
1003 2262 1111 2300 Quam
1144 2261 1265 2292 vellem
1300 2262 1429 2292 Romae
1463 2270 1516 2301 <sa

193 2308 310 2337 esscsl!
345 2306 529 2337 Mansisses
555 2307 709 2345 profecto
735 2307 938 2346 Malasjn'na,
958 2306 994 2345 cf
1015 2307 1080 2337 xiv.
1108 2316 1155 2336 11.
1180 2316 1193 2335 1
1336 2307 1378 2335 26
1402 2316 1514 2336 eorum

194 2355 227 2380 et
250 2350 327 2380 coni.
349 2349 467 2380 Orelli:
490 2360 606 2379 eorum
634 2355 667 2379 et
692 2351 760 2378 vim
784 2349 818 2378 Ι)
839 2350 922 2380 Ant.
947 2349 979 2378 F
1001 2349 1088 2379 Crat.
1111 2360 1117 2379 :
1143 2358 1258 2378 eorum
1284 2347 1349 2377 vim
1371 2349 1515 2380 INHE:

193 2399 226 2424 et
250 2395 315 2423 vim
335 2393 375 2422 M
475 2392 581 2422 bonos
604 2391 810 2432 Wesenberg:
844 2402 905 2422 nos
932 2392 1019 2423 codd.
1130 2393 1172 2422 28
1196 2392 1367 2424 deserebat
1389 2391 1513 2423 PVesen-

192 2437 285 2477 hmg:
319 2435 512 2476 perferebat
535 2434 620 2465 Reid
