1790 2837
145 125 236 163 II.i
549 128 605 165 M.
638 127 805 164 TVLLI
837 127 1143 166 CICERONIS

178 237 284 275 furor
305 236 496 275 Pulchelli
518 236 698 286 progredi
715 244 859 287 posset,
876 238 990 276 valde
1011 251 1083 288 ego
1104 246 1142 277 te
1162 238 1267 278 istim
1288 239 1507 279 excitarem.

179 302 327 339 Verum
349 303 545 351 praeclare
569 303 755 339 Metellus
772 301 938 351 impedit
958 310 996 340 et
1017 302 1215 353 impediet.
1267 304 1376 353 Quid
1397 319 1512 355 quae-

179 365 261 403 ris?
299 373 357 403 est
386 367 525 403 consul
565 367 789 417 φιλόπατρις
820 374 869 413 et,
902 374 944 405 ut
976 381 1130 417 semper
1161 368 1341 417 iudicavi,
1373 379 1511 410 natura

136 435 160 473 5
180 430 318 468 bonus.
380 432 452 469 Ille
472 439 604 470 autem
627 445 708 470 non
733 432 890 470 simulat
918 433 987 470 sed
1013 434 1129 482 plane
1156 433 1335 472 tribunus
1355 436 1405 484 pl.
1429 435 1511 473 fieri

178 494 295 544 cupit.
357 497 448 544 Qua
467 497 511 533 de
531 510 571 534 re
599 510 721 547 quom
749 496 789 534 in
817 504 955 535 senatu
982 505 1169 546 ageretur,
1192 498 1286 547 fregi
1307 498 1510 538 hominem
1531 517 1547 548 5

177 567 215 598 et
236 559 540 599 inconstantiam
563 561 645 600 eius
674 561 908 611 reprehendi
931 562 997 612 qui
1019 564 1174 601 Romae
1195 562 1436 601 tribunatum
1457 566 1507 614 pl.

177 632 326 675 peteret
360 639 450 663 cum
486 625 526 664 in
562 626 693 665 Sicilia
731 626 990 665 hereditatem
1030 640 1071 665 se
1110 634 1242 676 petere
1281 627 1507 676 dictitasset,

177 703 307 740 neque
323 704 467 740 magno
488 705 606 741 opere
627 691 707 730 dixi
727 705 812 730 esse
833 691 948 730 nobis
965 692 1238 739 laborandum,
1258 694 1366 742 quod
1387 693 1510 733 nihilo
1543 734 1546 737 ,

177 754 299 804 magis
316 754 350 793 ei
371 755 567 794 liciturum
589 764 691 795 esset
707 756 864 806 plebeio
884 770 966 794 rem
987 756 1186 806 publicam
1207 758 1370 806 perdere
1391 771 1509 808 quam

177 819 369 857 similibus
397 820 480 858 eius
508 834 571 859 me
592 822 754 859 consule
775 821 945 871 patriciis
967 828 1068 859 esset
1089 820 1250 859 licitum.
1311 823 1396 860 Iam
1419 836 1508 861 cum
1533 839 1569 861 ιο

177 897 218 922 se
239 883 303 922 ille
324 884 492 934 septimo
517 885 581 924 die
601 885 755 924 venisse
784 899 807 924 a
833 887 931 923 freto
952 899 1081 935 neque
1102 885 1175 923 sibi
1197 885 1354 924 obviam
1376 900 1510 936 quem-

178 963 296 999 quam
335 950 492 999 prodire
530 950 705 1000 potuisse
739 957 778 988 et
812 957 932 989 noctu
972 964 1013 988 se
1052 950 1232 988 introisse
1269 950 1429 989 dixisset
1468 951 1508 989 in

177 1027 305 1064 eoque
335 1028 376 1053 se
404 1014 444 1052 in
476 1015 662 1054 contione
683 1015 875 1062 iactasset,
899 1015 996 1053 nihil
1024 1014 1059 1053 ei
1086 1015 1177 1053 novi
1205 1015 1284 1054 dixi
1305 1016 1505 1055 accidisse.

180 1081 264 1116 ‘Ex
294 1079 425 1117 Sicilia
454 1080 623 1130 septimo
653 1080 718 1118 die
743 1082 942 1127 Romam3
970 1087 1061 1118 ante
1089 1080 1211 1118 tribus
1242 1080 1346 1118 horis
1378 1082 1507 1119 Roma

178 1145 457 1182 Interamnam.
518 1146 652 1184 Noctu
682 1144 849 1183 introisti
863 1159 874 1192 3
902 1144 1009 1182 idem
1035 1152 1137 1183 ante.
1198 1146 1292 1183 Non
1321 1153 1378 1183 est
1408 1145 1506 1183 itum
1529 1158 1566 1189 15

177 1209 360 1257 obviam3
389 1224 439 1248 ne
466 1217 549 1248 tum
571 1210 733 1260 quidem
760 1222 883 1260 quom
913 1209 958 1247 iri
988 1209 1156 1248 maxime
1177 1210 1338 1248 debuit.'
1399 1211 1508 1260 Quid

176 1275 363 1324 quaeris?
392 1275 595 1313 hominem
617 1277 860 1325 petulantem
882 1276 1108 1313 modestum
1130 1276 1255 1313 reddo
1276 1289 1356 1313 non
1379 1278 1507 1314 solum

175 1348 365 1390 perpetua
384 1340 570 1390 gravitate
591 1340 779 1379 orationis
806 1341 876 1378 sed
900 1339 1018 1378 etiam
1039 1341 1115 1378 hoc
1136 1354 1278 1390 genere
1299 1340 1504 1380 dictorum.

177 1407 318 1455 Itaque
352 1405 429 1443 iam
462 1405 700 1444 familiariter
731 1419 822 1444 cum
854 1405 940 1455 ipso
972 1405 1130 1443 cavillor
1164 1419 1210 1444 ac
1246 1405 1378 1454 iocor3
1411 1407 1507 1457 quin

176 1470 293 1508 etiam
325 1484 415 1508 cum
448 1470 703 1508 candidatum
733 1472 1030 1517 deduceremus,
1063 1471 1213 1520 quaerit
1243 1485 1289 1510 ex
1318 1485 1381 1510 me
1411 1486 1506 1510 num
1529 1490 1565 1511 20

176 1549 429 1574 consuessem
479 1536 617 1575 Siculis
665 1538 797 1575 locum
845 1536 1126 1586 gladiatoribus
1174 1538 1276 1575 dare.
1342 1538 1502 1587 Negavi.

176 1604 185 1620 ‘
200 1603 253 1639 At
274 1603 367 1651 ego'
389 1601 516 1650 inquit
535 1603 545 1620 ζ
559 1615 684 1639 novus
705 1609 892 1651 patronus
915 1602 1142 1649 instituam3
1172 1604 1242 1641 sed
1263 1616 1380 1650 soror,
1404 1616 1506 1653 quae

175 1673 326 1704 tantum
362 1667 506 1704 habeat
539 1666 754 1704 consularis
788 1667 874 1713 loci,
913 1682 1036 1706 unum
1072 1667 1167 1705 mihi
1203 1670 1329 1706 solum
1361 1670 1504 1718 pedem

174 1731 266 1769 dats
325 1730 464 1768 ‘Noli'
496 1730 658 1780 inquam
697 1733 772 1770 ‘de
811 1734 1025 1782 unopede
1065 1733 1206 1771 sororis
1241 1732 1374 1782 queri3
1415 1733 1505 1772 licet

174 1795 290 1834 etiam
311 1798 475 1834 alterum
497 1798 634 1834 tollas.'
689 1799 782 1835 Non
805 1800 1010 1836 consulare
1031 1797 1184 1848 inquies
1214 1798 1375 1836 dictum.
1436 1800 1505 1837 Fa·
1526 1816 1562 1848 ²5

173 1868 279 1909 teor3
309 1862 378 1899 sed
408 1874 481 1910 ego
511 1860 616 1899 illam
647 1862 714 1900 odi
745 1864 847 1901 male
878 1865 1136 1901 consularem.
1198 1866 1206 1882 ‘
1224 1865 1283 1901 Ea
1311 1870 1369 1901 est
1399 1863 1503 1902 enim

173 1925 369 1972 seditiosa,
409 1939 456 1964 ea
492 1939 583 1964 cum
624 1926 707 1965 viro
745 1927 893 1966 bellum
933 1927 1053 1977 gerit'
1087 1941 1217 1977 neque
1251 1929 1378 1966 solum
1413 1942 1504 1967 cum

214 2039 234 2068 5
259 2030 300 2059 de
326 2029 400 2060 add.
430 2030 516 2070 vulg.
629 2041 646 2070 7
671 2031 894 2062 heredita‘em
927 2030 1002 2061 Ml:
1028 2031 1233 2062 aedilitatem
1252 2031 1308 2061 M²
1326 2031 1504 2062 cuilamen

171 2074 361 2113 refragatur
387 2073 487 2114 Frag.
516 2084 551 2113 15
581 2074 749 2105 Orationis
776 2076 809 2105 in
837 2075 988 2105 Clodium
1021 2079 1051 2105 et
1077 2075 1264 2114 Curionem,
1292 2078 1329 2105 ut
1354 2075 1506 2106 indicavit

170 2116 270 2147 Reid:
297 2117 566 2149 heraedilitatem
594 2113 660 2149 Zb:
687 2118 805 2149 Herae
839 2119 1045 2150 aedilitatem
1073 2118 1214 2148 Rosius:
1248 2117 1409 2150 Himerae
1443 2119 1506 2158 (vel

173 2160 291 2196 Hirro)
311 2161 513 2191 aedilitatem
535 2163 616 2193 coni.
642 2161 801 2192 Graevius
889 2173 926 2192 se
951 2167 1071 2201 petere
1097 2161 1283 2193 dictitasset
1300 2166 1371 2194 vett.
1389 2174 1396 2193 t
1420 2172 1501 2201 sepe

169 2203 521 2236 hereditassetM¹Zb:
544 2205 884 2244 sepedictitassetM³
978 2216 1015 2244 13
1033 2205 1283 2236 accidisse.⁶Ex
1300 2229 1307 2236 .
1323 2229 1330 2236 .
1349 2206 1498 2236 .debuit’

169 2247 352 2288 Sternkosff
460 2259 496 2287 14
523 2254 601 2279 ante
618 2248 815 2280 Lehmann:
840 2261 859 2280 a
872 2249 932 2280 M:
955 2248 1116 2280 atLaml).
1136 2261 1141 2280 :
1166 2260 1231 2280 ont.
1245 2250 1359 2279 Baiter
1462 2259 1500 2288 15

172 2292 316 2323 introisti
339 2292 534 2332 Slrrnkops:
569 2293 729 2323 introisse
753 2292 844 2324 codd.
871 2293 959 2332 vulg.
1072 2293 1160 2323 idem
1185 2295 1239 2333 (sc.
1257 2293 1385 2333 fecish')
1408 2292 1495 2323 codd.

171 2335 362 2376 Slernleopf:
396 2336 475 2366 item
503 2336 590 2376 vulg.
727 2342 777 2367 cst
807 2336 894 2367 codd.
926 2335 1117 2376 Sternkopf:
1144 2347 1219 2367 esse
1235 2337 1324 2377 vulg.
1462 2337 1501 2366 16

172 2379 284 2409 debuit
297 2379 384 2410 codd.
405 2379 599 2419 Sica-nleopf:
620 2379 774 2410 debuerit
792 2380 892 2410 Orelli
991 2390 1032 2418 23
1050 2380 1151 2410 habet
1163 2380 1296 2411 Ernesti
1383 2381 1434 2419 26,
1456 2389 1497 2418 27

173 2422 242 2453 ‘Ea
262 2447 269 2454 .
290 2447 296 2454 .
320 2447 327 2455 .
343 2423 449 2462 gerit'
468 2434 578 2454 versus
594 2424 751 2454 iambicus
769 2424 799 2454 si
812 2428 863 2454 est
880 2424 967 2454 enim
985 2425 1184 2454 omittuntur
