1817 2832
615 131 728 169 EPP.
759 131 837 168 AD
866 130 1125 170 ATTICVM
1500 131 1547 168 V.
1570 128 1650 166 xxi

223 243 276 280 At
306 248 442 292 postea
472 241 578 280 venit
608 242 646 280 in
678 250 850 281 mentem
881 241 1187 281 faeneratoribus
1218 241 1315 280 nihil
1349 255 1390 281 se
1421 241 1552 280 iuvare

223 307 320 345 illud
353 314 510 345 senatus
543 309 779 355 consultum,
811 309 920 357 quod
954 321 1000 345 ex
1034 308 1252 357 syngrapha
1286 307 1345 345 ius
1380 306 1458 345 dici
1492 307 1553 344 lex

224 371 393 410 Gabinia
425 380 580 410 vetaret.
640 374 744 410 Tum
784 373 825 410 fit
864 379 1021 410 senatus
1060 373 1298 420 consultum,
1327 384 1377 409 VT
1410 383 1466 409 EX
1500 383 1553 409 ΕΑ

223 447 473 474 SYNGRAPHA
505 450 573 475 [ις
598 450 852 479 DlCERETl'R,
885 449 959 474 non
987 442 1031 474 ut
1055 438 1132 474 alio
1158 437 1240 474 lure
1266 450 1309 474 ea
1335 436 1553 485 syngrapha

185 513 202 545 5
224 509 325 539 esset
347 514 464 550 quam
486 509 638 539 ceterae
659 501 728 538 sed
750 508 791 538 ut
812 502 965 539 eodem.
1026 502 1129 540 Cum
1151 502 1248 539 haec
1269 500 1550 547 disseruissem‚

224 566 377 604 seducit
412 580 474 604 me
509 566 713 615 Scaptiu53
750 566 803 603 ait
833 580 874 604 se
907 565 1004 603 nihil
1036 573 1171 604 contra
1203 566 1333 605 dicere
1365 567 1434 604 sed
1466 565 1552 603 illos
1579 598 1582 603 ⁴

224 639 360 681 putare
385 633 530 669 talenta
557 643 605 669 cc
627 645 667 669 se
694 631 839 670 debere
852 646 863 680 3
902 644 948 669 ea
974 644 1015 669 se
1041 632 1140 669 velle
1167 631 1343 681 accipere
1358 645 1368 679 3
1407 631 1553 669 debere

224 704 355 734 autem
387 696 474 734 illos
505 697 623 745 paulo
658 695 797 734 minus.
858 697 987 746 Rogat
1021 704 1064 734 ut
1095 709 1162 734 eos
1192 697 1242 734 ad
1272 697 1443 734 ducenta
1472 709 1553 745 per-

225 761 379 799 ducam.
455 760 659 810 ‘Optime'
698 760 870 810 inquam.
934 762 1048 799 Voco
1086 760 1172 798 illos
1209 761 1260 799 ad
1299 754 1363 799 me
1401 768 1552 799 remoto

169 838 207 860 10
227 825 395 875 Scaptio.
469 824 628 874 ‘Quid?
657 838 725 863 vos
754 826 966 874 quantum’
996 825 1157 874 inquam
1183 824 1410 863 ‘debetis?'
1480 826 1554 863 Re-

225 891 424 940 spondent
440 902 518 928 cvl.
539 891 683 928 Refero
698 891 748 928 ad
766 890 978 939 Scaptium.
1017 891 1154 928 Homo
1171 891 1349 928 clamare.
1394 890 1555 938 ‘Quid?

226 968 327 1005 opus
372 957 451 993 est'
490 954 650 1004 inquam
694 954 884 993 ‘rationes
918 954 1151 993 conferatis.'
1221 954 1435 1003 Adsidunt,
1468 955 1555 993 sub-

226 1020 400 1067 ducunt3
441 1020 496 1057 ad
529 1032 737 1057 nummum
776 1019 970 1057 convenit.
1043 1019 1105 1057 Illi
1136 1033 1176 1057 se
1208 1032 1413 1057 numerare
1442 1020 1555 1066 velle,

227 1097 363 1133 urgere
393 1091 435 1121 ut
461 1083 665 1133 acciperet.
725 1083 904 1133 Scaptius
935 1097 998 1122 me
1029 1097 1158 1121 rursus
1189 1083 1352 1130 seducit,
1375 1091 1482 1132 rogat
1513 1091 1554 1121 ut

171 1164 206 1195 15
227 1162 308 1186 rem
339 1148 394 1186 sic
423 1148 652 1198 relinquam.
713 1148 818 1186 Dedi
847 1148 1001 1188 veniam
1032 1148 1183 1186 homini
1213 1148 1462 1198 impudenter
1492 1161 1556 1198 pe-

226 1213 349 1261 tenti‚·
383 1213 542 1252 Graecis
577 1213 845 1264 querentibus,
877 1221 918 1252 ut
953 1213 993 1251 in
1024 1215 1116 1252 sano
1148 1215 1391 1263 deponerent
1425 1221 1556 1263 postu-

225 1277 398 1316 lantibus
433 1292 514 1316 non
546 1278 735 1317 concessi.
795 1279 976 1318 Clamare
1011 1291 1148 1317 omnes
1181 1277 1248 1328 qui
1279 1280 1452 1324 aderant,
1484 1279 1559 1315 aliz·

226 1342 323 1380 nihil
350 1342 619 1393 impudentius
650 1343 808 1394 Scaptio
839 1343 906 1393 qui
935 1343 1159 1382 centesimis
1189 1356 1279 1381 cum
1309 1342 1554 1381 anatocismo

227 1415 436 1446 contentus
467 1422 546 1446 non
582 1416 695 1455 esset,
726 1408 791 1447 alii
822 1407 919 1446 nihil
954 1407 1119 1445 stultius.
1195 1406 1296 1444 Mihi
1325 1415 1457 1445 autem
1487 1406 1556 1444 im-

169 1490 208 1511 20
228 1473 381 1522 pudens
421 1473 542 1522 magis
584 1473 703 1522 quam
744 1473 884 1509 stultus
922 1471 1152 1519 videbatur3
1198 1485 1290 1509 narn
1335 1479 1402 1510 aut
1447 1472 1554 1510 bono

226 1537 388 1576 nomine
417 1537 640 1576 centesimis
670 1544 879 1575 contentus
909 1550 984 1574 non
1013 1544 1094 1575 erat
1122 1544 1189 1575 aut
1216 1550 1297 1576 non
1326 1537 1434 1575 bono
1463 1550 1555 1587 qua-

227 1610 354 1640 ternas
375 1603 609 1641 centesimas
630 1603 820 1653 sperabat.

282 1669 421 1706 Habes
460 1682 589 1706 meam
628 1681 798 1706 causam.
859 1668 974 1717 Quae
1012 1666 1043 1705 si
1083 1669 1206 1706 Bruto
1237 1680 1318 1706 non
1352 1667 1552 1716 probatur,
1572 1678 1615 1716 13

226 1732 360 1771 nescio
387 1746 455 1771 cur
475 1732 584 1770 illurn
605 1745 793 1771 amemus.
853 1733 931 1770 Sed
958 1733 1154 1770 avunculo
1181 1731 1264 1770 eius
1292 1740 1395 1770 certe
1416 1733 1553 1782 proba-

170 1813 208 1845 25
228 1797 340 1844 bitur,
364 1797 589 1847 praesertim
615 1811 704 1835 cum
736 1804 893 1835 senatus
921 1799 1145 1835 consultum
1174 1797 1295 1835 modo
1319 1798 1466 1834 factum
1494 1796 1555 1843 sit,

228 1870 338 1911 puto,
372 1870 583 1912 postquam
618 1870 659 1900 tu
694 1875 734 1900 es
767 1863 975 1912 profectus,
1011 1861 1050 1899 in
1085 1861 1323 1899 creditorum
1362 1874 1480 1899 causa
1513 1869 1555 1899 ut

228 1927 466 1965 centesimae
486 1935 676 1977 perpetuo
697 1928 854 1965 faenore
875 1927 1121 1965 ducerentur.
1165 1928 1258 1965 Hoc
1275 1926 1370 1976 quid
1392 1925 1555 1973 intersit,

229 1993 259 2030 si
281 2000 367 2030 tuos
384 1992 526 2042 digitos
547 1991 649 2038 novi,
666 1999 769 2030 certe
785 1992 907 2030 habes
924 1992 1177 2029 subductum.
1219 1993 1266 2029 In
1284 2004 1362 2041 quo
1379 1990 1554 2040 quidem,

275 2106 287 2126 1
323 2096 367 2126 At
393 2095 542 2126 Ernesti:
579 2095 619 2125 Et
647 2094 760 2125 codd:
799 2095 865 2125 secl.
893 2094 995 2125 Orelli
1132 2106 1151 2133 4
1176 2104 1231 2125 xvs
1255 2118 1262 2125 .
1290 2118 1297 2125 .
1325 2118 1331 2125 .
1359 2095 1554 2133 syngrapha

229 2139 303 2171 add.
341 2140 425 2169 Boot
576 2148 626 2173 11,
648 2148 685 2168 12
713 2146 719 2154 ·
732 2138 845 2176 Quid?
882 2148 965 2177 opus
996 2142 1047 2167 est
1061 2136 1068 2150 '
1102 2138 1239 2177 inquam
1274 2138 1444 2168 ‘rationes
1475 2148 1555 2167 con-

229 2183 344 2213 seratis
357 2182 363 2194 ⁷
374 2182 563 2212 Mommsen
579 2193 585 2212 :
609 2181 697 2219 Quid
709 2191 792 2220 opus
805 2186 855 2211 est
872 2181 1007 2219 inquam
1021 2191 1120 2220 quarn
1139 2182 1289 2212 rationes
1303 2180 1482 2210 conseratis
1494 2179 1554 2210 M:

233 2227 341 2265 ‘Quid
358 2226 469 2265 potius
487 2226 556 2255 est'
575 2225 708 2263 inquam
729 2230 736 2241 ⁶
748 2235 846 2263 quam
864 2225 1012 2255 rationes
1030 2224 1211 2254 conseratis
1224 2227 1233 2255 Ζ
1246 2224 1252 2235 ’
1278 2223 1556 2262 Miilleridemque

228 2270 342 2301 Bat'ler
356 2270 420 2298 nisi
433 2268 541 2299 addilo
559 2274 594 2298 ut
606 2272 793 2308 postquam
939 2277 976 2305 13
1001 2269 1042 2298 ad
1065 2268 1140 2298 add.
1161 2268 1247 2308 vulg.
1388 2269 1426 2297 16
1450 2267 1501 2307 ut]
1520 2270 1554 2296 et

230 2319 264 2343 ut
281 2312 433 2343 ILamb.
567 2322 602 2350 17
628 2311 682 2341 alii
706 2311 780 2341 add.
807 2310 988 2351 Sternkopf
1098 2321 1136 2341 21
1165 2321 1231 2341 non
1253 2310 1327 2342 add.
1349 2310 1486 2350 Ernesti,
1516 2311 1551 2348 cf.

229 2362 329 2397 supra
347 2356 379 2387 ll.
402 2364 503 2393 11-15
520 2359 548 2386 et
563 2356 595 2385 vi
619 2365 647 2385 2.
664 2365 680 2394 7
697 2365 704 2393 ;
727 2365 758 2393 3.
776 2364 795 2394 5
