1790 2837
623 131 735 169 EPP.
767 132 846 169 AD
876 133 1137 172 ATTICVM
1165 136 1171 137 ’
1484 142 1587 178 11.v

397 241 647 291 Πουλυδάμας
674 260 738 292 μοι
765 246 907 293 πρῶτος
936 246 1128 297 ἐλεγχείην
1156 246 1345 296 ἀναθήσει,

211 306 312 345 Cato
346 305 410 345 ille
442 314 574 345 noster
607 307 674 357 qui
708 308 805 346 mihi
839 322 940 347 unus
975 317 1033 348 est
1067 323 1137 359 pro
1171 319 1331 349 centum
1367 312 1534 351 milibus.

213 370 321 418 Quid
348 384 440 409 vero
470 371 654 410 historiae
683 374 733 411 de
763 373 878 412 nobis
908 375 958 412 ad
986 388 1113 412 anuos
1143 386 1196 413 DC
1223 376 1538 425 praedicabunt?

210 436 319 483 Quas
349 435 510 485 quidem
535 450 607 486 ego
638 438 762 476 multo
792 438 914 488 magis
938 452 1073 477 vereor
1101 453 1220 489 quam
1251 454 1384 479 eorum
1416 441 1538 480 homi-

170 514 186 545 5
209 513 303 536 num
335 500 401 549 qui
431 501 550 539 hodie
580 501 714 540 vivunt
744 505 999 542 rumusculos.
1073 505 1161 551 Sed,
1195 505 1344 554 opinor,
1374 506 1538 556 excipia-

208 562 295 601 mus
334 572 372 603 et
410 573 691 614 exspectemus.
765 566 805 604 Si
843 566 950 605 enim
989 568 1193 615 deferetur,
1232 569 1301 607 erit
1340 571 1534 618 quaedam

208 637 341 667 nostra
368 638 541 680 potestas
576 638 613 669 et
643 638 726 668 tum
757 631 1072 671 deliberabimus.
1133 633 1263 671 Etiam
1294 635 1450 673 hercule
1479 642 1536 673 est

207 693 247 731 in
278 707 358 732 non
387 695 620 745 accipiendo
650 709 731 733 non
762 698 868 734 nulla
897 697 1027 746 gloria.
1088 699 1180 746 Qua
1203 712 1242 736 re
1267 698 1297 736 si
1325 698 1420 748 quid
1450 703 1536 738 Θεο-

208 759 328 809 φάνης
347 767 477 798 tecum
498 761 596 798 forte
616 761 824 800 contulerit
845 776 894 800 ne
915 761 1079 801 omnino
1098 763 1324 812 repudiaris.

151 837 190 860 10
264 826 325 863 De
350 825 431 863 istis
461 826 576 864 rebus
601 834 785 876 exspecto
813 835 898 865 tuas
928 827 1083 873 litteras,
1108 827 1204 877 quid
1232 828 1365 866 Arrius
1392 838 1528 877 narret,
1551 843 1575 870 2

207 902 287 938 quo
320 889 453 928 animo
485 904 526 929 se
561 890 791 929 destitutum
824 893 928 938 ferat,
961 899 1000 930 et
1029 892 1096 942 qui
1126 882 1529 943 consulesparentur,

205 962 345 1001 utrum,
375 963 417 992 ut
446 955 582 1005 populi
612 969 750 1002 sermo,
782 956 993 1006 Pompeius
1022 965 1060 995 et
1090 958 1253 996 Crassus
1282 972 1343 1005 an,
1366 967 1408 996 ut
1438 959 1533 997 mihi

205 1019 394 1066 scribitur,
436 1033 525 1057 cum
567 1020 739 1059 Gabinio
779 1021 932 1059 Servius
976 1021 1180 1071 Sulpicius,
1222 1030 1260 1060 et
1298 1036 1392 1060 num
1432 1037 1533 1073 quae

204 1097 330 1122 novae
360 1085 463 1134 leges
492 1091 530 1123 et
557 1098 652 1122 num
681 1084 776 1134 quid
802 1085 893 1123 novi
919 1085 1095 1133 omnino,
1118 1093 1156 1124 et
1183 1086 1370 1136 quoniam
1396 1089 1532 1137 Nepos

147 1167 183 1199 15
204 1148 472 1199 proficiscitur,
495 1148 652 1187 cuinam
683 1157 891 1199 auguratus
921 1151 1116 1187 deferatur
1130 1164 1140 1198 3
1169 1164 1248 1200 quo
1269 1150 1429 1200 quidem
1452 1165 1531 1190 uno

204 1226 276 1263 ego
296 1214 346 1251 ab
367 1212 448 1251 istis
469 1213 556 1263 capi
577 1227 748 1263 possum.
805 1213 908 1253 Vide
929 1213 1126 1253 levitatem
1147 1228 1286 1253 meam.
1338 1217 1415 1253 Sed
1436 1215 1531 1265 quid

203 1293 275 1330 ego
304 1281 402 1318 haec
431 1293 532 1329 quae
563 1279 679 1330 cupio
709 1280 907 1328 deponere
937 1287 975 1318 et
1005 1287 1087 1318 toto
1116 1279 1250 1318 animo
1279 1288 1397 1329 atque
1421 1280 1532 1318 omni

203 1357 295 1382 cura
309 1346 568 1394 φιλοσοφεῖνέ
611 1344 675 1383 Sic
691 1344 852 1394 inquam
870 1344 909 1381 in
929 1343 1063 1382 animo
1080 1351 1137 1382 est
1152 1359 1161 1392 3
1182 1345 1322 1382 vellem
1342 1346 1393 1383 ab
1406 1345 1531 1393 initio,

203 1405 308 1448 nunc
343 1424 445 1457 vero,
483 1409 670 1460 quoniam
705 1422 806 1458 quae
837 1408 971 1459 putavi
1002 1423 1086 1447 esse
1120 1411 1315 1459 praeclara
1349 1418 1528 1459 expertus

144 1487 183 1509 20
203 1487 290 1512 sum
324 1489 443 1525 quam
478 1482 608 1514 essent
642 1473 783 1521 inania,
820 1487 910 1511 curn
946 1473 1130 1512 omnibus
1171 1474 1297 1512 Musis
1336 1474 1525 1513 rationem

201 1539 344 1578 habere
365 1539 506 1589 cogito.
564 1540 628 1576 Tu
649 1546 780 1576 tamen
802 1539 851 1576 de
873 1537 1009 1577 Curtio
1029 1539 1080 1576 ad
1101 1551 1164 1576 me
1184 1538 1352 1576 rescribe
1372 1539 1523 1586 certius,
1546 1546 1570 1583 3

200 1611 238 1642 et
267 1618 372 1643 nunc
400 1605 486 1655 quis
513 1604 553 1642 in
580 1604 662 1643 eius
692 1606 823 1642 locum
854 1610 1018 1653 paretur,
1048 1610 1086 1640 et
1113 1602 1209 1652 quid
1238 1604 1288 1641 de
1319 1605 1359 1640 P.
1384 1603 1527 1642 Clodio

200 1669 276 1715 fiat,
300 1677 338 1708 et
362 1669 505 1717 omnia,
525 1683 643 1720 quem
664 1671 715 1707 ad
738 1670 901 1707 modum
923 1667 1127 1718 polliceris,
1148 1668 1206 1705 ἐπὶ
1226 1670 1370 1718 σχολῆς
1390 1667 1524 1714 scribe,

202 1742 239 1772 et
260 1748 340 1784 quo
360 1734 424 1773 die
446 1736 576 1773 Roma
597 1742 633 1773 te
654 1734 846 1772 exiturum
869 1741 982 1783 putes
1003 1732 1119 1770 velim
1140 1733 1190 1770 ad
1218 1746 1281 1770 me
1308 1731 1462 1777 scribas,
1486 1739 1527 1769 ut

143 1810 181 1842 25
203 1799 406 1838 certiorem
431 1806 469 1838 te
493 1798 633 1837 faciam
661 1798 804 1848 quibus
830 1798 869 1835 in
897 1797 993 1836 locis
1023 1798 1174 1834 futurus
1201 1796 1283 1842 sim,
1308 1796 1528 1845 epistulam-

203 1878 279 1914 que
305 1864 434 1902 statim
455 1864 525 1902 des
550 1865 600 1902 de
621 1863 665 1901 iis
687 1863 802 1901 rebus
823 1864 874 1901 de
895 1862 1038 1912 quibus
1058 1862 1110 1899 ad
1130 1868 1167 1899 te
1197 1860 1341 1911 scripsi.
1400 1861 1527 1899 Valde

201 1929 307 1967 enim
328 1936 511 1978 exspecto
532 1936 617 1966 tuas
639 1927 794 1965 litteras.

243 2042 262 2071 3
288 2032 529 2072 praedicabunt
560 2030 589 2060 L
620 2030 784 2071 (mmg.):
827 2034 938 2060 —arant
968 2029 1017 2060 vel
1051 2033 1164 2059 -arunt
1200 2028 1367 2069 (sztpcrscr.
1407 2029 1524 2067 —arint)

202 2075 243 2105 M
390 2085 423 2105 11
457 2076 537 2114 quol,
572 2079 606 2105 et
633 2085 709 2113 quo,
736 2074 787 2104 vel
815 2084 894 2104 mox
922 2073 1019 2111 ecqui
1046 2073 1203 2103 consules
1236 2071 1360 2110 Tyrrell
1468 2081 1525 2109 pa—

202 2124 319 2149 rentur
351 2117 391 2147 M
417 2118 585 2158 (urzarg.):
618 2122 759 2157 pareant
785 2116 834 2147 Ml
991 2117 1029 2146 16
1052 2116 1138 2146 Vide
1162 2116 1330 2145 levitatem
1355 2113 1523 2144 lllmz‘tus:

202 2162 314 2192 videte
328 2162 428 2191 vitam
446 2161 497 2191 Z:
521 2162 633 2191 videte
651 2161 819 2190 civitatem
845 2160 891 2198 M,
919 2158 1008 2198 qnod
1028 2158 1167 2197 dzfi'ndit
1189 2158 1274 2188 Reid
1291 2162 1464 2196 tamquam
1481 2157 1528 2186 ad

204 2205 359 2235 Ciceronis
375 2210 456 2244 opus
475 2204 543 2234 ‘De
559 2204 731 2243 Republica
743 2205 749 2217 ⁷
768 2203 903 2242 rtflrcns
1032 2211 1070 2231 21
1098 2202 1202 2231 Curio
1220 2201 1290 2231 coni
1315 2200 1431 2230 Prclor
1457 2200 1522 2230 coll.

206 2258 253 2287 17.
271 2259 290 2278 2
394 2258 434 2276 22
460 2257 548 2278 nunc
566 2247 623 2278 M:
648 2257 727 2277 num
746 2248 833 2286 vulg.
932 2254 973 2283 23
998 2245 1065 2279 fiat,
1084 2249 1118 2274 et
1133 2245 1219 2283 vulg.
1237 2255 1243 2275 t
1269 2243 1319 2274 sr‘e
1338 2242 1393 2274 M:
1420 2243 1523 2273 fratre

202 2292 303 2322 Rom.
321 2301 329 2321 t
355 2296 389 2321 et
413 2291 516 2321 fratre
541 2294 574 2321 et
599 2291 652 2331 (sc.
677 2290 804 2321 Metello
821 2289 932 2327 Celere,
949 2288 986 2327 cs.
1005 2287 1154 2328 Harusp.
1174 2287 1269 2328 Resp.
1290 2296 1342 2326 45,
1363 2286 1446 2318 Cael.
1465 2286 1524 2328 60)

209 2334 337 2375 Tyrrell‚
347 2334 430 2373 fort.
448 2337 524 2365 recte

1399 2442 1439 2473 4*
