1817 2832
654 129 766 167 EPP.
798 129 876 166 AD
905 128 1168 167 ATTICVM
1535 128 1606 166 VI.
1630 128 1660 165 ii

236 241 344 291 quod
365 239 526 291 quidem
547 240 657 279 illum
679 242 786 279 soleo
807 239 962 279 hortari.
1022 230 1205 278 Ac‘mihi
1226 238 1379 278 videtur
1400 247 1564 279 matrem

235 307 360 353 valde,
394 313 436 344 ut
467 306 596 352 debet,
630 319 762 344 amare
793 313 910 356 teque
943 304 1115 343 mirifice.
1177 305 1255 343 Sed
1287 313 1344 343 est
1377 318 1563 354 magnum

235 370 331 408 illud
364 370 525 420 quidem
555 384 690 409 verum
721 378 853 408 tamen
885 370 1089 420 multiplex
1120 369 1230 419 pueri
1262 368 1488 419 ingenium3
1521 370 1562 407 in

235 448 315 485 quo
335 448 408 485 ego
429 437 600 485 regendo
621 436 750 474 habeo
770 434 902 484 negoti
922 435 1024 473 satis.

198 513 215 544 5
290 499 491 548 Quoniam
520 499 706 549 respondi
739 507 960 550 postremae
991 507 1081 537 tuae
1111 499 1276 549 paginae
1308 498 1432 549 prima
1461 512 1558 546 mea,
1580 508 1605 546 3

235 577 341 602 nunc
371 565 422 603 ad
460 564 626 614 primam
664 571 831 602 revertar
864 571 982 601 tuam.
1043 563 1351 613 Peloponnesias
1387 563 1562 601 civitates

235 628 364 666 omnis
395 627 606 666 maritimas
628 641 712 666 esse
741 627 913 665 hominis
942 641 1023 665 non
1053 641 1224 676 nequam
1252 629 1321 666 secl
1349 627 1466 665 etiam
1494 635 1563 666 tuo

235 693 382 731 iudicio
402 692 556 743 probati
575 692 806 731 Dicaearchi
822 691 964 730 tabulis
985 691 1145 730 credidi.
1194 693 1232 730 Is
1250 691 1381 729 multis
1398 691 1564 730 nomini-

236 758 309 796 bus
343 758 383 796 in
414 757 696 808 Trophoniana
728 757 945 797 Chaeronis
979 756 1201 795 narratione
1233 758 1405 795 Graecos
1443 756 1484 794 in
1515 770 1562 795 eo

178 839 217 861 10
235 822 433 872 reprendit
472 824 580 872 quod
618 836 724 861 mare
762 830 915 860 tantum
955 821 1078 860 secuti
1121 821 1197 860 sint
1240 835 1313 860 nec
1355 823 1479 859 ullum
1522 821 1562 859 in

235 889 513 937 Peloponneso
544 889 676 926 locum
708 887 860 938 excipit.
934 889 1068 936 Quom
1103 886 1200 924 mihi
1229 894 1365 924 auctor
1393 888 1563 936 placeret

236 954 399 1004 (etenim
430 962 510 993 erat
541 955 822 1005 ῖστορικώτατος
849 962 888 992 et
916 953 1062 992 vixerat
1092 953 1132 991 in
1162 952 1469 1003 Peloponneso),
1498 954 1563 991 ad-

234 1017 403 1056 mirabar
423 1026 554 1057 tamen
572 1027 609 1058 et
629 1019 691 1056 vix
703 1020 923 1057 adcredens
937 1016 1226 1056 communicavi
1247 1031 1338 1056 cum
1357 1017 1559 1067 Dionysio.

234 1084 367 1132 Atque
388 1082 418 1121 is
439 1083 565 1133 primo
585 1091 643 1121 est
667 1090 904 1130 commotus,
925 1082 1081 1128 deinde,
1105 1083 1214 1131 quod
1240 1083 1290 1120 de
1318 1083 1419 1122 †deo
1446 1085 1562 1123 cum†

177 1161 214 1193 15
235 1147 310 1186 isto
342 1147 586 1186 Dicaearcho
616 1162 697 1187 non
727 1147 857 1185 minus
887 1148 990 1186 bene
1019 1146 1267 1185 existimabat
1297 1159 1415 1196 quam
1443 1154 1484 1184 tu
1512 1147 1562 1185 de

235 1213 279 1252 C.
311 1212 507 1260 Vestorio,
539 1226 611 1263 ego
649 1214 699 1251 de
740 1214 795 1250 M.
829 1211 980 1258 Cluvio,
1022 1224 1104 1249 non
1142 1211 1350 1250 dubitabat
1393 1211 1487 1261 quin
1527 1212 1562 1250 ei

234 1278 493 1316 crederemus.
563 1277 756 1316 Arcadiae
788 1277 974 1315 censebat
1013 1290 1098 1314 esse
1137 1277 1319 1326 Lepreon
1358 1277 1561 1325 quoddam

233 1341 472 1379 maritimum
487 1356 497 1389 3
535 1343 671 1380 Tenea
699 1349 831 1380 autem
865 1348 903 1379 et
933 1340 1120 1391 Aliphera
1149 1348 1187 1378 et
1217 1340 1340 1378 Tritia
1369 1342 1562 1380 νεόκτιστα

232 1406 267 1444 ei
295 1406 537 1452 videbantur,
562 1406 681 1456 idque
707 1409 757 1458 τῷ
775 1410 847 1445 τῶν
870 1409 957 1444 νεῶν
984 1406 1178 1457 καταλόγῳ
1205 1405 1463 1443 confirmabat
1492 1405 1560 1443 ubl

174 1490 214 1512 20
232 1471 382 1509 mentio
406 1485 486 1509 non
517 1472 559 1509 fit
586 1470 761 1509 istorum.
822 1472 961 1520 Itaque
992 1470 1109 1508 istum
1137 1483 1210 1519 ego
1234 1471 1365 1507 locum
1394 1470 1559 1509 totidem

231 1535 358 1574 verbis
378 1550 401 1574 a
423 1535 668 1574 Dicaearcho
692 1535 879 1574 transtuli.
941 1537 950 1554 ‘
965 1534 1178 1572 Phliasios'
1201 1541 1333 1572 autem
1361 1534 1439 1573 dici
1467 1535 1561 1574 scie-

230 1600 322 1638 bam
344 1608 382 1638 et
409 1599 461 1638 ita
489 1601 549 1638 fac
576 1607 618 1638 ut
648 1601 794 1638 habeas
810 1615 819 1647 3
848 1612 920 1637 nos
948 1598 1110 1648 quidem
1131 1597 1186 1635 sic
1216 1598 1419 1637 habemus.
1480 1601 1558 1639 Sed

230 1664 356 1714 primo
386 1678 449 1702 me
479 1666 660 1717 ἀναλογία
688 1666 907 1714 deceperat,
936 1667 1082 1710 Φλιοῦς,
1104 1662 1251 1710 Ὀποῦς,
1280 1664 1429 1711 Σιποῦς,
1450 1666 1558 1714 quod

229 1729 449 1776 Ὀπούντιοι,
473 1731 695 1769 Σιπούντιοι.
732 1730 832 1768 ·Sed
853 1730 930 1766 hoc
951 1728 1140 1767 continuo
1161 1727 1410 1766 correximus.

172 1810 210 1841 25
284 1793 437 1832 Laetari
458 1802 496 1832 te
517 1801 649 1832 nostra
668 1793 939 1832 moderatione
960 1800 998 1831 et
1018 1792 1262 1830 continentia
1281 1791 1407 1831 video.
1451 1794 1554 1831 Turn
1573 1806 1599 1843 4

230 1857 270 1897 id
298 1858 419 1908 magis
446 1860 602 1907 faceres,
633 1858 664 1896 si
692 1860 861 1897 adesses.
923 1860 1056 1907 Atque
1082 1858 1159 1895 hoc
1183 1858 1268 1896 foro
1293 1859 1401 1907 quod
1423 1857 1482 1908 egi
1509 1872 1556 1896 ex

231 1923 370 1961 Idibus
400 1923 618 1962 Februariis
649 1923 870 1962 Laodiceae
897 1924 948 1961 ad
977 1924 1067 1960 Kal.
1090 1921 1217 1959 Maias
1247 1922 1425 1960 omnium
1452 1922 1556 1961 dioe-

229 1987 377 2026 cesium
406 1995 557 2037 praeter
584 1987 745 2027 Ciliciae
776 1987 967 2025 mirabilia
997 1987 1193 2036 quaedam
1223 1985 1435 2024 effecimus.
1497 1988 1559 2026 Ita

229 2054 375 2090 multae
409 2052 583 2090 civitates
618 2051 727 2090 omni
761 2065 848 2090 aere
877 2051 1007 2089 alieno
1037 2050 1236 2098 liberatae,
1267 2052 1414 2088 multae
1442 2052 1557 2090 valde

171 2130 211 2161 30
229 2119 377 2156 levatae
405 2124 508 2165 sunt,
529 2129 666 2155 omnes
694 2115 771 2154 suis
799 2115 950 2166 legibus
971 2122 1009 2153 et
1036 2115 1190 2153 iudiciis
1218 2128 1311 2153 usae
1339 2116 1559 2165 αὐτονομίαν

270 2231 290 2260 3
315 2222 347 2252 in
364 2231 430 2260 quo
457 2221 596 2252 Lauda:
622 2221 711 2260 quod
730 2220 771 2249 M
902 2229 940 2249 10
965 2223 1091 2249 tantum
1117 2217 1235 2249 Orelli:
1271 2223 1339 2248 tum
1361 2218 1420 2249 M:
1454 2223 1521 2250 tam
1539 2219 1558 2250 l

227 2264 327 2295 Rom.
419 2265 485 2294 sint
509 2264 654 2294 Ernesti:
688 2267 765 2293 sunt
790 2261 832 2293 M
963 2271 1001 2300 14
1027 2262 1067 2292 de
1092 2262 1156 2292 deo
1180 2271 1254 2292 cum
1279 2262 1343 2292 isto
1368 2260 1448 2292 llll:
1479 2273 1554 2294 cum

228 2309 270 2338 de
302 2308 367 2337 isto
398 2307 480 2338 M²:
520 2311 589 2337 tum
619 2308 660 2337 de
689 2307 753 2337 isto
776 2306 898 2335 Klots:
937 2305 979 2335 de
1008 2305 1078 2335 (del.
1107 2304 1208 2335 verbis
1229 2306 1293 2335 deo
1315 2315 1389 2335 cum
1422 2306 1486 2336 isto
1518 2310 1556 2336 ut

226 2362 266 2380 ex
293 2350 513 2391 dittograpln'a
546 2350 755 2381 D1caea1·cho
787 2349 882 2390 ortis)
917 2348 1059 2380 Gurlitt:
1087 2348 1169 2386 sort.
1203 2348 1244 2379 de
1277 2347 1455 2379 Chaerone
1486 2349 1551 2380 isto

230 2394 481 2426 Dichaearcheo
