1790 2837
104 127 180 164 ΙΙΙ.

166 413 182 440 1

164 2173 187 2211 3

200 126 246 163 ix
566 124 621 161 M.
653 123 822 160 TVLLI
854 122 1161 161 CICERONIS

247 242 313 277 IX
500 243 569 276 Scr.
595 242 835 274 Thessalonicae
850 241 898 274 Id.
918 242 994 274 Iun.
1014 253 1045 275 a.
1065 243 1128 284 696
1145 242 1233 285 (58).

621 321 796 352 CICERO
820 319 992 351 ATTICO
1018 319 1116 351 SAL.

257 399 429 450 Quintus
451 400 565 438 frater
589 413 680 437 cum
707 412 754 437 ex
781 398 876 437 Asia
903 398 1145 436 discessisset
1172 405 1263 436 ante
1289 399 1377 437 Kal.
1402 398 1530 437 Maias

201 475 239 506 et
270 467 446 505 Athenas
470 465 639 504 venisset
666 463 818 511 Idibus,
843 464 956 502 valde
986 463 1057 501 fuit
1087 463 1122 501 ei
1148 465 1454 513 properandum,
1481 478 1530 502 ne

199 531 295 582 quid
325 530 467 569 absens
497 529 692 580 acciperet
721 528 964 576 calamitatis,
993 528 1025 567 si
1054 527 1141 579 quis
1171 529 1269 566 forte
1299 528 1434 567 fuisset
1464 528 1531 578 qui
1551 540 1567 571 5

199 604 409 635 contentus
448 594 589 634 nostris
629 594 740 633 malis
780 608 861 632 non
900 601 1012 632 esset.
1092 594 1234 643 Itaque
1275 607 1366 631 eum
1412 594 1531 632 malui

198 676 406 713 properare
443 663 614 700 Romam
649 674 769 710 quam
803 661 854 698 ad
889 673 951 698 me
985 658 1117 698 venire
1156 666 1194 697 et
1233 657 1349 697 simul
1384 658 1531 710 (dicam

199 727 304 766 enim
339 727 448 778 quod
480 740 615 765 verum
650 733 721 773 est,
751 739 798 764 ex
830 738 911 775 quo
943 723 1256 775 magnitudinem
1289 723 1531 762 miseriarum

199 807 374 832 mearum
406 791 625 843 perspicere
652 790 796 841 possis)
823 790 1000 828 animum
1028 789 1215 828 inducere
1242 803 1323 827 non
1353 789 1464 839 potui
1489 798 1532 828 ut

198 866 265 897 aut
296 858 406 896 illum
444 856 759 896 amantissimum
794 855 871 894 mei
907 855 1140 894 mollissimo
1178 854 1312 893 animo
1346 862 1456 894 tanto
1490 855 1530 894 in

200 937 376 962 maerore
414 922 629 973 aspicerem
665 929 731 960 aut
771 934 878 959 meas
917 920 1091 959 miserias
1130 921 1238 958 luctu
1272 919 1454 958 adflictus
1493 928 1531 958 et

200 988 394 1040 perditam
426 989 623 1026 fortunam
651 986 706 1024 illi
736 988 915 1025 offerrem
944 994 1011 1024 aut
1040 986 1091 1024 ab
1120 985 1187 1024 illo
1216 985 1338 1035 aspici
1368 993 1529 1035 paterer.

200 1056 333 1104 Atque
368 1053 486 1093 etiam
517 1052 614 1091 illud
646 1052 849 1099 timebam,
881 1052 990 1101 quod
1021 1052 1198 1101 profecto
1229 1050 1450 1098 accidisset,
1482 1064 1532 1089 ne

199 1132 222 1157 a
243 1132 306 1157 me
323 1118 472 1168 digredi
494 1131 574 1156 non
594 1125 737 1167 posset.
779 1117 1019 1155 Versabatur
1036 1115 1131 1153 mihi
1152 1124 1307 1165 tempus
1329 1115 1423 1154 illud
1441 1124 1533 1154 ante

199 1185 336 1221 oculos
363 1196 485 1233 quom
506 1182 569 1220 ille
589 1190 656 1220 aut
680 1182 834 1221 lictores
855 1181 1067 1220 dimitteret
1087 1188 1154 1218 aut
1174 1180 1211 1218 vi
1237 1182 1466 1219 avelleretur
1487 1195 1533 1219 ex

201 1249 409 1298 complexu
431 1261 530 1287 meo.
583 1246 715 1286 Huius
736 1245 957 1285 acerbitatis
979 1253 1163 1284 eventum
1184 1247 1304 1283 altera
1320 1245 1533 1284 acerbitate

199 1326 280 1351 non
301 1312 462 1352 videndi
488 1311 612 1351 fratris
632 1311 759 1350 vitavi.
821 1312 868 1349 In
895 1312 1002 1348 hunc
1029 1324 1092 1348 me
1119 1323 1254 1348 casum
1281 1324 1351 1348 vos
1375 1310 1533 1349 vivendi

200 1385 379 1417 auctores
400 1376 618 1427 impulistis„
672 1377 811 1426 Itaque
829 1375 905 1414 mei
926 1375 1078 1425 peccati
1100 1376 1166 1413 luo
1188 1389 1347 1425 poenas.
1387 1377 1532 1425 Quam—

201 1456 321 1493 quam
357 1456 419 1481 me
453 1449 543 1480 tuae
573 1441 722 1481 litterae
761 1448 981 1480 sustentant
1017 1454 1064 1479 ex
1094 1441 1238 1491 quibus
1269 1449 1460 1491 quantum
1491 1448 1532 1479 tu

200 1508 284 1559 ipse
319 1521 449 1559 speres
483 1507 595 1547 facile
629 1506 848 1556 perspicio,·
887 1520 988 1556 quae
1020 1506 1182 1556 quidem
1218 1514 1350 1545 tamen
1383 1506 1533 1557 aliquid

201 1574 402 1612 habebant
432 1572 551 1612 solaci
572 1580 662 1612 ante
693 1586 811 1621 quam
839 1585 887 1610 eo
907 1572 1047 1610 venisti
1074 1586 1098 1611 a
1126 1572 1328 1622 Pompeio.
1391 1573 1532 1609 ‘Nunc

204 1637 464 1678 Hortensium
491 1636 618 1676 adlice
645 1644 683 1674 et
707 1636 789 1676 eius
818 1636 926 1675 modi
947 1637 1073 1675 viros.'
1132 1638 1323 1684 Obsecro,
1346 1636 1399 1674 mi
1420 1638 1535 1674 Pom-

204 1703 312 1756 poni,
344 1704 523 1742 nondum
562 1701 748 1753 perspicis
788 1716 956 1752 quorum
996 1716 1128 1752 opera,
1161 1716 1330 1752 quorum
1369 1701 1533 1749 insidiis,

203 1759 372 1819 duorum
394 1770 539 1808 scelere
559 1767 817 1818 perierimus?
877 1769 954 1806 Sed
976 1776 1107 1806 tecum
1129 1769 1227 1806 haec
1248 1767 1381 1806 omnia
1401 1780 1534 1805 coram

203 1847 389 1884 agemus,
419 1840 572 1873 tantum
602 1832 692 1871 dico
720 1834 829 1883 quod
855 1833 953 1872 scire
980 1841 1017 1872 te
1047 1841 1155 1883 puto,
1178 1846 1250 1871 nos
1278 1847 1358 1871 non
1386 1832 1534 1871 inimici
1556 1847 1569 1867 2

204 1900 275 1938 sed
313 1898 435 1938 invidi
474 1897 739 1948 perdiderunt.
801 1900 920 1938 Nunc
958 1898 990 1936 si
1029 1897 1082 1936 ita
1120 1905 1211 1937 sunt
1250 1911 1351 1948 quae
1389 1911 1534 1947 speras,

205 1963 486 2004 sustinebimus
516 1976 588 2002 nos
619 1971 656 2002 et
687 1977 756 2014 spe
788 1976 866 2013 qua
895 1963 1006 2001 iubes
1035 1962 1229 2010 nitemur,
1263 1962 1337 2009 sin,
1367 1970 1408 2001 ut
1440 1962 1535 2001 mihi

204 2030 395 2076 videntur,
430 2030 585 2067 infirma
619 2037 723 2077 sunt,
753 2030 862 2079 quod
897 2028 1048 2080 optimo
1083 2036 1259 2079 tempore
1293 2030 1420 2068 facere
1454 2042 1535 2066 non

205 2095 314 2134 licuit
336 2096 464 2133 minus
486 2096 633 2134 idoneo
655 2097 730 2135 fiet.

261 2161 446 2200 Terentia
481 2161 551 2200 tibi
581 2175 698 2211 saepe
731 2161 808 2211 agit
837 2160 987 2210 gratias.
1048 2160 1150 2199 Mihi
1180 2160 1297 2199 etiam
1329 2174 1452 2200 unum
1485 2161 1535 2199 de

249 2263 268 2292 3
293 2254 499 2284 decessisset
523 2253 709 2294 lVesenbeig
858 2263 892 2284 11
919 2254 1072 2284 adflictus
1090 2253 1175 2283 Reid
1188 2254 1253 2284 coll.
1275 2263 1321 2283 10.
1340 2264 1369 2289 2,
1390 2253 1471 2283 Pln‘l.
1490 2254 1532 2283 ix.

209 2308 269 2327 12:
294 2298 446 2327 adflictas
464 2297 576 2328 codd:
604 2298 731 2328 adflicti
760 2297 916 2337 Pluygers
1050 2307 1086 2336 15
1113 2297 1315 2327 avelleretur
1343 2296 1396 2326 M2
1424 2297 1534 2336 vulga:

206 2340 411 2372 evelleretur
439 2340 492 2371 M¹
629 2351 669 2379 24
695 2342 809 2371 omnia
834 2351 897 2371 om.
927 2339 1020 2370 EZII
1149 2342 1191 2371 26
1216 2341 1277 2381 ita]
1309 2341 1374 2371 ista
1399 2339 1534 2377 Scltie'te,

204 2385 241 2424 cs.
262 2384 363 2413 Deiot.
390 2394 425 2423 17
648 2386 689 2415 28
714 2385 845 2416 infirma
868 2389 945 2416 sunt
962 2384 997 2417 I:
1034 2385 1129 2416 firma
1153 2389 1232 2416 sunt
1257 2383 1314 2416 M:
1347 2383 1413 2415 secl.
1443 2383 1538 2415 Cobet

205 2433 360 2468 tempore
379 2427 478 2459 Rom.
495 2438 501 2458 :
528 2438 653 2468 genere
674 2427 741 2460 CM

1554 871 1591 893 10

1555 1195 1591 1231 ¹5.

1555 1521 1593 1543 20

1556 2176 1592 2206 30
