1817 2832
128 132 197 170 IV.
220 132 329 169 xviii
614 132 670 169 M.
703 132 872 169 TVLLI
905 131 1212 171 CICERONIS

248 242 408 291 ‘Quid?
447 242 533 281 ille'
565 240 721 291 inquies
756 244 820 279 ‘ut
849 242 1053 281 ferebat?’
1111 242 1351 282 Humaniter
1387 257 1580 295 meaeque

245 307 442 357 dignitatis
478 308 611 357 quoad
649 305 747 344 mihi
785 306 878 345 satis
916 308 1063 345 factum
1102 316 1204 347 esset
1238 309 1464 348 habendam
1504 309 1578 348 sibi
1608 346 1611 349 ,

244 372 435 410 rationem
470 372 644 422 putabat.
705 373 799 420 Quo
838 373 960 411 modo
995 386 1086 423 ergo
1119 374 1353 412 absolutus?
1401 374 1578 413 Omnino

243 441 683 477 †HOPHAHYMNA†.
754 439 1042 476 Accusatorum
1072 437 1312 476 incredibilis
1341 438 1514 486 infantia,
1536 439 1577 478 id

243 509 301 540 est
331 504 373 540 L.
402 502 559 540 Lentuli
590 504 633 540 L.
661 503 699 549 f.,
726 515 846 552 quem
880 503 1052 540 fremunt
1083 516 1221 540 omnes
1255 503 1576 553 praevaricatum,
1597 514 1614 544 5

242 567 387 606 deinde
409 567 575 618 Pompei
597 567 696 605 mira
716 566 931 613 contentio,
955 567 1132 605 iudicum
1156 568 1303 606 sordes.
1362 570 1422 607 Ac
1443 576 1576 608 tamen

242 644 364 670 xxxu
387 633 714 680 condemnarunt,
738 644 907 669 xxxvnl
929 632 1192 671 absolverunt.
1254 632 1407 671 Iudicia
1427 633 1576 683 reliqua

3 706 83 733 xvl.
114 695 179 748 10)
199 707 222 734 2
241 697 484 747 impendent.
560 699 754 736 Nondum
794 704 854 735 est
886 698 1004 747 plane
1042 697 1259 747 expeditus.
1331 697 1451 736 Dices
1485 700 1574 737 ‘Tu

241 775 332 812 ergo
359 764 456 801 haec
483 776 564 813 quo
585 763 707 801 modo
728 763 853 800 fers?’
903 763 1012 800 Belle
1037 775 1100 800 me
1124 763 1282 801 hercule
1311 770 1350 801 et
1374 762 1413 800 in
1438 776 1486 802 eo
1510 778 1574 803 me

240 829 353 867 valde
387 842 488 867 amo.
549 828 778 875 Amisimus,
812 826 866 865 mi
899 827 1107 877 Pomponi,
1140 841 1302 866 omnem
1336 841 1417 866 non
1451 830 1573 868 modo
1595 843 1635 866 10

240 907 378 932 sucum
408 908 453 932 ac
484 893 715 944 sanguinem
743 894 814 931 sed
841 892 959 931 etiam
986 894 1160 931 colorem
1188 900 1227 931 et
1252 893 1423 944 speciem
1450 894 1574 944 pristi-

239 973 330 998 nam
357 959 533 998 civitatis
595 960 715 997 Nulla
741 965 799 997 est
826 972 886 997 res
914 957 1073 1008 publica
1100 971 1201 1008 quae
1226 959 1408 1007 delectet,
1428 959 1468 997 in
1496 972 1574 1009 qua

238 1025 498 1076 acquiescam.
553 1025 676 1063 ‘Idne
697 1024 833 1075 igitur'
854 1023 1007 1073 inquies
1027 1023 1161 1062 ‘facile
1182 1025 1307 1062 fers?'
1347 1025 1396 1062 Id
1417 1024 1547 1074 ipsum
1563 1038 1573 1072 ς

237 1093 423 1130 recordor
456 1090 562 1129 enim
595 1104 714 1140 quarn
749 1091 852 1128 bella
883 1089 1081 1139 paulisper
1112 1088 1227 1127 nobis
1261 1089 1571 1139 gubernantibus

238 1156 373 1194 civitas
398 1156 522 1202 fuerit,
545 1169 646 1205 quae
673 1154 770 1192 mihi
795 1154 917 1204 gratia
940 1155 1060 1192 relata
1084 1153 1142 1192 sit.
1203 1155 1346 1192 Nullus
1370 1156 1483 1192 dolor
1507 1167 1570 1192 me
1592 1169 1628 1200 15

236 1221 343 1272 angit
373 1235 495 1260 unum
527 1220 661 1259 omnia
690 1233 831 1270 posse3
869 1218 1146 1268 dirumpuntur
1174 1218 1200 1256 ii
1230 1219 1297 1269 qui
1328 1233 1391 1258 me
1420 1219 1569 1269 aliquid

237 1300 353 1337 posse
374 1288 594 1325 doluerunt.
657 1287 785 1322 Multa
812 1283 909 1322 mihi
936 1285 1032 1322 dant
1060 1284 1215 1331 solacia,
1240 1297 1313 1322 nec
1338 1291 1471 1323 tamen
1496 1297 1569 1334 ego

236 1354 287 1390 de
309 1365 397 1390 meo
419 1358 520 1389 statu
541 1349 730 1400 demigro‚
749 1362 929 1399 quaeque
949 1348 1028 1386 vita
1049 1348 1218 1386 maxime
1239 1356 1297 1387 est
1317 1350 1368 1387 ad
1389 1356 1568 1387 naturam

235 1418 286 1455 ad
318 1430 405 1455 eam
437 1430 500 1454 me
534 1417 672 1463 refero,
698 1416 749 1453 ad
781 1414 927 1452 litteras
961 1421 999 1452 et
1033 1413 1163 1452 studia
1193 1421 1335 1453 nostra.
1396 1414 1567 1453 Dicendi

235 1483 411 1521 laborem
436 1481 699 1520 delectatione
725 1479 893 1519 oratoria
919 1481 1103 1518 consolor
1117 1494 1127 1527 3
1156 1481 1299 1518 domus
1327 1494 1390 1518 me
1415 1488 1453 1518 et
1480 1493 1566 1519 rura
1588 1493 1628 1515 20

234 1556 367 1586 nostra
396 1549 619 1592 delectant;
657 1560 738 1584 non
767 1546 952 1584 recordor
981 1546 1088 1583 unde
1117 1545 1327 1584 ceciderim
1359 1547 1429 1584 sed
1460 1547 1566 1584 unde

233 1612 473 1650 surrexerim.
534 1613 707 1649 Fratrem
738 1624 895 1648 mecum
926 1617 964 1648 et
994 1618 1031 1648 te
1061 1610 1092 1647 si
1123 1611 1290 1656 habebo,
1315 1624 1384 1660 per
1413 1624 1476 1648 me
1504 1610 1566 1648 isti

232 1677 400 1727 pedibus
434 1678 660 1723 trahantur,
702 1675 814 1714 vobis
844 1679 1159 1726 ἐμφιλοσοφῆσαι
1188 1689 1360 1726 possum.
1435 1677 1565 1714 Locus

231 1743 296 1780 ille
324 1741 445 1779 animi
475 1741 597 1779 nostri
623 1742 849 1779 stomachus
877 1740 945 1779 ubi
972 1741 1175 1779 habitabat
1205 1741 1298 1779 olim
1329 1741 1564 1783 concalluit;

232 1806 381 1857 privata
414 1807 536 1844 modo
574 1813 613 1844 et
644 1805 862 1844 domestica
900 1819 973 1844 nos
1008 1807 1216 1845 delectant.
1279 1806 1422 1844 Miram
1458 1819 1564 1844 secu·
1587 1820 1623 1850 25

232 1872 384 1910 ritatem
406 1870 583 1918 videbis,
621 1870 732 1908 cuius
757 1870 947 1920 plurimae
973 1884 1035 1909 me
1064 1872 1222 1909 hercule
1248 1879 1377 1921 partes
1403 1878 1493 1909 sunt
1523 1870 1563 1908 in

233 1946 301 1976 tuo
318 1937 461 1985 reditu3
487 1949 606 1974 nemo
623 1935 727 1974 enim
745 1936 784 1973 in
802 1935 910 1974 terris
931 1943 988 1974 est
1010 1936 1106 1974 mihi
1123 1943 1202 1974 tam
1224 1935 1564 1974 consentientibus

233 2003 423 2042 sensibus,

0 2074 75 2099 XVI·
105 2060 169 2112 11)
190 2071 214 2108 3
287 2069 365 2107 Sed
400 2067 534 2117 accipe
567 2066 652 2106 alia.
715 2068 795 2106 Res
830 2066 914 2105 fluit
944 2067 995 2105 ad
1027 2066 1302 2116 interregnum,
1325 2080 1364 2104 et
1393 2073 1451 2105 est
1480 2080 1561 2104 non

232 2135 361 2173 nullus
397 2134 495 2172 odor
524 2131 750 2179 dictaturae,
783 2144 911 2171 sermo
940 2130 1101 2183 quidem
1137 2133 1308 2179 multus,
1347 2131 1414 2182 qui
1444 2131 1560 2169 etiam
1584 2143 1623 2173 30

275 2243 294 2271 4
318 2230 423 2271 πρῷρα
439 2229 562 2269 πρύμνα
588 2228 708 2261 Mamz
747 2227 880 2270 ’γορ-γεΐα
907 2227 1012 2268 ’γυμνά
1039 2229 1159 2259 Hosius
1304 2240 1343 2259 10
1367 2240 1434 2259 non
1462 2230 1561 2260 modo

231 2273 351 2306 M²sz
374 2285 439 2305 om.
458 2274 519 2313 M‘,
539 2273 575 2314 cf.
596 2273 639 2304 iii.
661 2283 709 2312 15.
728 2283 747 2312 5
841 2283 874 2302 11
904 2274 1068 2312 pristinae
1090 2273 1281 2314 lVesenberg
1362 2283 1399 2311 13
1424 2273 1490 2303 fers
1509 2274 1562 2304 E.-

232 2320 310 2349 serri
331 2319 371 2348 M
483 2327 524 2355 23
548 2316 725 2347 trahantur·
743 2315 933 2354 Malaspz'na
952 2316 1016 2346 coll.
1038 2316 1136 2348 Fam.
1155 2316 1222 2348 viii.
1241 2326 1292 2354 32.
1314 2327 1332 2346 2
1349 2327 1355 2346 :
1381 2317 1562 2346 trahuntur

232 2363 272 2394 M
403 2360 662 2400 ἔμψιλοσοφῆσαι
682 2357 724 2388 M
736 2358 904 2388 Headlam
923 2370 930 2389 :
953 2365 1052 2399 συμψ.
1074 2359 1278 2400 ΠζγίίρηὸαεΙι
1297 2360 1384 2400 vulg.
1519 2370 1560 2398 24

231 2407 399 2437 habitabat
418 2405 476 2435 M:
501 2404 627 2436 habitat
645 2402 760 2434 codices
776 2401 866 2433 Noui
879 2413 931 2443 90.
952 2413 970 2434 2
1143 2414 1183 2444 27
1209 2402 1298 2433 enim
1318 2403 1417 2435 Rom.
1433 2414 1440 2435 ε
1467 2404 1559 2435 enim

229 2454 374 2480 AEPPIC
393 2448 433 2479 M
