1817 2832
198 124 293 163 VII.
311 124 341 161 ii
669 125 725 162 M.
756 124 925 162 TVLLI
957 122 1262 163 CICERONIS

296 237 516 274 admodum
538 236 766 274 delectatus.
809 236 861 273 Et
881 248 944 273 me
964 235 1123 273 hercule
1143 240 1202 273 est
1222 247 1341 285 quam
1362 234 1474 274 facile
1490 234 1628 285 diligas

297 299 486 351 αὐτόχθων
507 299 546 337 in
568 299 731 338 homine
757 299 969 338 urbanitas.
1030 299 1126 338 Eius
1153 306 1434 339 testamentum
1461 301 1628 350 deporto

298 365 415 403 trium
437 364 677 404 Ciceronum
703 364 822 414 signis
852 364 1104 414 obsignatum
1125 364 1378 415 cohortisque
1397 364 1624 414 praetoriae.

298 429 407 468 Fecit
437 431 567 479 palam
598 437 636 468 te
665 443 713 468 ex
741 429 884 477 libella,
907 443 970 468 me
991 443 1038 468 ex
1058 429 1265 468 terruncio.
1327 431 1375 467 In
1396 429 1513 468 Actio
1535 430 1629 469 Cor-

297 507 410 544 cyrae
431 493 571 533 Alexio
592 508 656 533 me
677 494 838 544 opipare
859 501 1086 533 muneratus
1107 502 1176 533 est.
1224 495 1272 543 Q.
1293 493 1476 534 Ciceroni
1490 493 1627 533 obsisti
1646 505 1663 536 5

249 572 276 610 4
297 573 377 598 non
412 559 541 610 potuit
573 573 653 609 quo
687 559 818 598 minus
849 558 1062 609 Thyamim
1094 559 1254 598 videret.
1315 558 1454 597 Filiola
1485 566 1551 598 tua
1589 566 1628 599 te

296 624 482 663 delectari
498 625 622 663 laetor
642 631 681 663 et
701 624 857 675 probari
872 624 942 663 tibi
964 624 1129 674 φυσικὴν
1142 637 1227 663 esse
1247 625 1314 674 τὴν
1332 625 1424 675 πρὸς
1442 626 1489 663 τὰ
1507 625 1627 663 τέκνα.

296 689 456 728 Etenim
478 688 509 727 si
530 691 628 728 haec
648 703 730 728 non
751 696 819 736 est,
844 690 951 727 nulla
977 697 1107 740 potest
1134 689 1286 727 homini
1314 703 1399 728 esse
1425 690 1476 728 ad
1503 689 1628 728 homi-

295 768 387 793 nem
409 761 571 793 naturae
597 753 825 802 adiuncti03
855 768 933 804 qua
963 755 1117 793 sublata
1136 754 1238 793 vitae
1268 754 1435 793 societas
1465 755 1622 794 tollitur.

297 822 429 859 ‘Bene
450 819 652 859 eveniat!’
696 819 823 869 inquit
852 821 1078 859 Carneades
1109 832 1248 870 spurce
1278 821 1347 858 sed
1378 827 1510 858 tamen
1539 834 1625 870 pru·
1647 834 1685 858 10

294 885 453 924 dentius
482 898 601 935 quam
633 884 779 922 Lucius
806 892 939 922 noster
968 892 1005 923 et
1027 886 1172 922 Patron
1193 884 1270 934 qui,
1294 897 1385 923 cum
1415 884 1549 922 omnia
1573 886 1625 923 ad

295 964 336 990 se
357 951 535 997 referant,
559 963 769 998 numquam
799 948 1012 999 quicquam
1042 948 1199 987 alterius
1229 962 1347 987 causa
1375 948 1457 988 fieri
1486 956 1626 999 putent

295 1023 343 1062 et,
367 1028 459 1053 cum
480 1028 526 1053 ea
546 1028 585 1053 re
606 1014 758 1053 bonum
778 1013 904 1052 virum
931 1022 1112 1064 oportere
1139 1027 1225 1052 esse
1249 1013 1383 1052 dicant
1406 1027 1456 1052 ne
1477 1015 1623 1051 malurn

295 1081 440 1119 habeat
460 1093 541 1118 non
562 1093 642 1130 quo
663 1079 704 1118 id
724 1087 862 1118 natura
881 1087 1032 1118 rectum
1053 1079 1111 1126 sit,
1142 1093 1223 1118 non
1253 1078 1480 1129 intellegant
1505 1093 1545 1118 se
1575 1080 1625 1118 de

295 1145 438 1184 callido
458 1144 620 1183 homine
640 1144 749 1195 loqui
778 1158 860 1183 non
880 1146 931 1184 de
955 1145 1062 1183 bono
1082 1144 1175 1183 viro.
1235 1146 1313 1183 Sed
1340 1146 1449 1191 haec,
1471 1144 1621 1194 opinor,
1646 1159 1683 1193 15

296 1218 387 1249 sunt
408 1210 448 1248 in
469 1209 514 1248 iis
535 1210 642 1249 libris
663 1223 763 1260 quos
784 1218 825 1248 tu
847 1210 1048 1248 laudando
1068 1209 1221 1248 animos
1243 1209 1339 1247 mihi
1359 1209 1557 1248 addidisti.

255 1282 280 1321 5
352 1276 492 1314 Redeo
512 1276 562 1314 ad
583 1289 676 1314 rem.
731 1276 823 1324 Quo
840 1276 962 1313 modo
978 1280 1255 1325 exspectabam
1277 1274 1484 1325 epistulam
1505 1288 1624 1325 quam

297 1339 516 1378 Philoxeno
551 1339 755 1378 dedisses!
813 1339 1030 1390 Scripseras
1066 1339 1171 1378 enirn
1203 1339 1243 1377 in
1276 1353 1322 1378 ea
1355 1354 1440 1379 esse
1475 1341 1524 1378 de
1551 1353 1625 1378 ser-

294 1418 413 1444 mone
449 1404 615 1455 Pompei
648 1404 926 1455 Neapolitano.
986 1407 1086 1443 Eam
1121 1405 1217 1443 mihi
1253 1407 1398 1444 Patron
1438 1405 1621 1444 Brundisi

293 1470 466 1509 reddidit
481 1485 491 1518 3
521 1471 726 1521 Corcyrae,
751 1478 794 1509 ut
814 1470 965 1520 opinor,
984 1478 1198 1521 acceperat.
1258 1470 1369 1509 Nihil
1390 1470 1517 1521 potuit
1538 1484 1623 1509 esse
1644 1486 1683 1507 20

294 1535 516 1574 iucundius.
576 1537 670 1574 Erat
694 1535 800 1575 enim
828 1537 879 1575 de
908 1550 948 1575 re
978 1536 1146 1586 publica,
1170 1537 1220 1575 de
1241 1536 1430 1586 opinione
1451 1550 1570 1586 quam
1591 1536 1622 1573 is

293 1600 348 1638 vir
368 1601 530 1639 haberet
550 1600 780 1651 integritatis
801 1615 923 1648 meae,
942 1603 992 1640 de
1013 1601 1290 1640 benevolentia
1309 1614 1429 1650 quam
1451 1601 1623 1639 ostendit

292 1679 340 1704 eo
371 1679 551 1704 sermone
585 1679 703 1716 quem
736 1666 874 1704 habuit
904 1667 954 1704 de
993 1666 1203 1716 triumpho.
1263 1667 1340 1704 Sed
1379 1673 1512 1704 tamen
1546 1667 1622 1704 hoc

292 1730 622 1769 iucundissimum
652 1732 760 1781 quod
795 1731 966 1770 intellexi
1001 1739 1038 1769 te
1071 1732 1123 1770 ad
1157 1745 1247 1769 eum
1279 1731 1432 1769 venisse
1462 1739 1504 1769 ut
1537 1731 1621 1769 eius

292 1795 470 1833 animum
500 1809 589 1845 erga
618 1809 682 1835 me
711 1796 961 1846 perspiceres.
1020 1798 1113 1834 Hoc
1143 1796 1250 1839 mihi,
1281 1796 1454 1846 inquam,
1477 1797 1621 1836 accidit
1641 1810 1678 1842 25

245 1867 272 1905 6
293 1860 632 1900 iucundissimum.
693 1863 754 1900 De
788 1861 988 1911 triumpho
1025 1870 1157 1900 autem
1190 1863 1297 1899 nulla
1330 1875 1393 1899 me
1427 1862 1621 1912 cupiditas

293 1940 483 1977 umquam
514 1926 639 1966 tenuit
668 1934 759 1965 ante
792 1926 922 1965 Bibuli
953 1926 1317 1976 impudentissimas
1348 1926 1493 1965 litteras
1524 1941 1620 1977 quas

335 2041 366 2067 2,
380 2041 398 2069 3
417 2031 558 2070 deporto
576 2031 676 2061 trium
693 2030 831 2061 Iunius:
859 2031 1042 2061 detortorio
1056 2030 1114 2060 M:
1140 2031 1360 2061 detortorium
1376 2030 1431 2062 CZ
1446 2043 1453 2062 z
1478 2032 1620 2071 deporto

292 2074 436 2105 Romam
462 2075 580 2105 Illam:
606 2076 747 2114 deporto
775 2079 964 2104 nostrorum
995 2074 1125 2107 Mt'iller,
1149 2075 1214 2105 coll.
1240 2085 1270 2104 v.
1300 2085 1348 2114 17.
1380 2084 1410 2112 3,
1437 2074 1490 2106 vii.
1523 2085 1571 2113 13,
1600 2085 1620 2114 3

291 2129 310 2157 4
335 2119 445 2148 libella
472 2118 576 2149 Gran:
602 2119 723 2148 libertu
748 2117 826 2148 Ml:
851 2118 933 2148 libra
955 2116 1030 2147 M'J:
1056 2119 1211 2148 libertum
1240 2117 1272 2147 Z
1342 2118 1514 2149 terruncio
1534 2119 1619 2149 Crat.

292 2162 364 2202 (srd
379 2163 406 2191 is
423 2162 590 2192 terunciol
608 2172 615 2191 τ
640 2166 797 2192 taruacus
822 2160 911 2191 M¹Z
1010 2171 1026 2200 7
1052 2161 1111 2200 τὴν
1129 2161 1217 2202 πρὸς]
1236 2161 1295 2200 τὴν
1311 2161 1452 2202 στοργὴν
1470 2162 1529 2200 τὴν
1546 2161 1621 2202 πρὸς

288 2205 365 2235 coni.
383 2203 580 2243 I'Vesenberg,
602 2205 638 2243 cf
660 2215 691 2234 v.
715 2214 762 2243 19.
779 2214 797 2233 2
896 2204 916 2232 8
938 2204 1021 2233 haec
1036 2204 1111 2234 lll‘lt
1138 2205 1200 2235 hoc
1220 2205 1277 2234 Ml
1379 2216 1417 2236 10
1439 2207 1621 2244 pudentius

288 2247 403 2278 codices
426 2258 492 2278 non
517 2247 611 2287 nulli,
635 2247 710 2278 Vict.
872 2257 905 2276 11
937 2247 1062 2277 Patron
1082 2248 1242 2280 M³R0m.
1261 2259 1267 2277 ε
1294 2248 1395 2278 Patro
1413 2249 1460 2279 F:
1487 2251 1620 2289 patroni

291 2292 344 2322 M¹
363 2304 370 2323 ι
395 2297 536 2331 patrono
562 2290 618 2320 ,Μ2
733 2301 771 2320 12
798 2300 978 2329 numquam
1003 2290 1081 2321 add.
1101 2291 1212 2328 Orelli,
1229 2291 1266 2330 cf.
1284 2291 1357 2322 Fz‘n.
1375 2291 1418 2322 iii.
1438 2302 1479 2330 29
1581 2301 1620 2330 14

291 2335 492 2374 intellegunt
517 2334 570 2364 ΜΔ
730 2344 766 2373 17
793 2334 868 2372 Quo
884 2335 985 2364 modo
1009 2334 1097 2365 codd.
1117 2334 1215 2365 Otto:
1251 2334 1471 2365 Commodum
1495 2333 1614 2365 Lamb.

294 2390 332 2418 19
357 2379 457 2409 Patro
482 2379 581 2409 Rom.
599 2377 621 2408 I
