<?xml version="1.0" encoding="UTF-8"?>
<!DOCTYPE html PUBLIC "-//W3C//DTD XHTML 1.0 Transitional//EN"
    "http://www.w3.org/TR/xhtml1/DTD/xhtml1-transitional.dtd">
<html xmlns="http://www.w3.org/1999/xhtml" xml:lang="en" lang="en">
 <head>
  <title>
</title>
<meta http-equiv="Content-Type" content="text/html;charset=utf-8" />
  <meta name='ocr-system' content='tesseract 3.04.00' />
  <meta name='ocr-capabilities' content='ocr_page ocr_carea ocr_par ocr_line ocrx_word'/>
</head>
<body>
  <div class='ocr_page' id='page_1' title='image "./epistulaerecogno0201ciceuoft_0296.png"; bbox 0 0 1817 2832; ppageno 0'>
   <div class='ocr_carea' id='block_1_1' title="bbox 181 128 1238 169">
    <p class='ocr_par' dir='ltr' id='par_1_1' title="bbox 181 128 1238 169">
     <span class='ocr_line' id='line_1_1' title="bbox 181 128 1238 169; baseline -0.002 0"><span class='ocrx_word' id='word_1_1' title='bbox 181 131 298 169; x_wconf 91' lang='lat' dir='ltr'>VIII.</span> <span class='ocrx_word' id='word_1_2' title='bbox 322 141 386 168; x_wconf 84' lang='lat' dir='ltr'>xv</span> <span class='ocrx_word' id='word_1_3' title='bbox 642 129 697 167; x_wconf 91' lang='lat' dir='ltr'>M.</span> <span class='ocrx_word' id='word_1_4' title='bbox 729 128 899 166; x_wconf 92' lang='lat' dir='ltr'>TVLLI</span> <span class='ocrx_word' id='word_1_5' title='bbox 930 128 1238 168; x_wconf 88' lang='lat' dir='ltr'>CICERONIS</span> 
     </span>
    </p>
   </div>
   <div class='ocr_carea' id='block_1_2' title="bbox 242 1606 259 1633">
    <p class='ocr_par' dir='ltr' id='par_1_2' title="bbox 242 1606 259 1633">
     <span class='ocr_line' id='line_1_2' title="bbox 242 1606 259 1633; baseline 0 0"><span class='ocrx_word' id='word_1_6' title='bbox 242 1606 259 1633; x_wconf 93' lang='lat'>1</span> 
     </span>
    </p>
   </div>
   <div class='ocr_carea' id='block_1_3' title="bbox 234 2258 259 2286">
    <p class='ocr_par' dir='ltr' id='par_1_3' title="bbox 234 2258 259 2286">
     <span class='ocr_line' id='line_1_3' title="bbox 234 2258 259 2286; baseline 0 0"><span class='ocrx_word' id='word_1_7' title='bbox 234 2258 259 2286; x_wconf 92' lang='lat'>2</span> 
     </span>
    </p>
   </div>
   <div class='ocr_carea' id='block_1_4' title="bbox 273 237 1668 1201">
    <p class='ocr_par' dir='ltr' id='par_1_4' title="bbox 273 237 1668 938">
     <span class='ocr_line' id='line_1_4' title="bbox 275 237 1606 290; baseline -0.001 -10"><span class='ocrx_word' id='word_1_8' title='bbox 275 241 430 287; x_wconf 89' lang='lat' dir='ltr'>bebam,</span> <span class='ocrx_word' id='word_1_9' title='bbox 473 252 546 278; x_wconf 89' lang='lat' dir='ltr'>nec</span> <span class='ocrx_word' id='word_1_10' title='bbox 585 238 672 277; x_wconf 92' lang='lat' dir='ltr'>illos</span> <span class='ocrx_word' id='word_1_11' title='bbox 710 251 986 288; x_wconf 87' lang='lat' dir='ltr'>congressuros</span> <span class='ocrx_word' id='word_1_12' title='bbox 1025 251 1110 285; x_wconf 92' lang='lat' dir='ltr'>nec,</span> <span class='ocrx_word' id='word_1_13' title='bbox 1151 237 1183 277; x_wconf 87' lang='lat' dir='ltr'>si</span> <span class='ocrx_word' id='word_1_14' title='bbox 1227 238 1422 290; x_wconf 85' lang='lat' dir='ltr'><strong>congressi</strong></span> <span class='ocrx_word' id='word_1_15' title='bbox 1462 238 1606 288; x_wconf 86' lang='lat' dir='ltr'>essent,</span> 
     </span>
     <span class='ocr_line' id='line_1_5' title="bbox 275 302 1605 355; baseline 0.002 -12"><span class='ocrx_word' id='word_1_16' title='bbox 275 304 510 355; x_wconf 90' lang='lat' dir='ltr'>Pompeium</span> <span class='ocrx_word' id='word_1_17' title='bbox 549 305 601 343; x_wconf 88' lang='lat' dir='ltr'>ad</span> <span class='ocrx_word' id='word_1_18' title='bbox 639 304 759 341; x_wconf 84' lang='lat' dir='ltr'>ullam</span> <span class='ocrx_word' id='word_1_19' title='bbox 798 302 1076 341; x_wconf 89' lang='lat' dir='ltr'>condicionem</span> <span class='ocrx_word' id='word_1_20' title='bbox 1113 316 1363 342; x_wconf 89' lang='lat' dir='ltr'>accessurum</span> <span class='ocrx_word' id='word_1_21' title='bbox 1405 306 1605 355; x_wconf 87' lang='lat' dir='ltr'>putabam.</span> 
     </span>
     <span class='ocr_line' id='line_1_6' title="bbox 275 367 1605 419; baseline 0.001 -11"><span class='ocrx_word' id='word_1_22' title='bbox 275 370 397 418; x_wconf 86' lang='lat' dir='ltr'>Quod</span> <span class='ocrx_word' id='word_1_23' title='bbox 422 368 563 407; x_wconf 89' lang='lat' dir='ltr'>videris</span> <span class='ocrx_word' id='word_1_24' title='bbox 591 382 673 407; x_wconf 88' lang='lat' dir='ltr'>non</span> <span class='ocrx_word' id='word_1_25' title='bbox 703 367 894 415; x_wconf 88' lang='lat' dir='ltr'>dubitare,</span> <span class='ocrx_word' id='word_1_26' title='bbox 913 367 944 406; x_wconf 90' lang='lat' dir='ltr'>si</span> <span class='ocrx_word' id='word_1_27' title='bbox 969 369 1151 407; x_wconf 91' lang='lat' dir='ltr'>consules</span> <span class='ocrx_word' id='word_1_28' title='bbox 1178 375 1389 417; x_wconf 86' lang='lat' dir='ltr'>transeant,</span> <span class='ocrx_word' id='word_1_29' title='bbox 1413 369 1509 419; x_wconf 90' lang='lat' dir='ltr'>quid</span> <span class='ocrx_word' id='word_1_30' title='bbox 1532 383 1605 409; x_wconf 91' lang='lat' dir='ltr'>nos</span> 
     </span>
     <span class='ocr_line' id='line_1_7' title="bbox 274 434 1602 484; baseline 0.001 -12"><span class='ocrx_word' id='word_1_31' title='bbox 274 436 401 472; x_wconf 92' lang='lat' dir='ltr'>facere</span> <span class='ocrx_word' id='word_1_32' title='bbox 435 441 625 483; x_wconf 81' lang='lat' dir='ltr'>oporteat,</span> <span class='ocrx_word' id='word_1_33' title='bbox 662 440 766 472; x_wconf 89' lang='lat' dir='ltr'>certe</span> <span class='ocrx_word' id='word_1_34' title='bbox 797 440 999 471; x_wconf 84' lang='lat' dir='ltr'>transeunt</span> <span class='ocrx_word' id='word_1_35' title='bbox 1032 434 1107 482; x_wconf 93' lang='lat' dir='ltr'>vel,</span> <span class='ocrx_word' id='word_1_36' title='bbox 1140 447 1221 484; x_wconf 88' lang='lat' dir='ltr'>quo</span> <span class='ocrx_word' id='word_1_37' title='bbox 1252 435 1373 473; x_wconf 92' lang='lat' dir='ltr'>modo</span> <span class='ocrx_word' id='word_1_38' title='bbox 1399 448 1506 473; x_wconf 89' lang='lat' dir='ltr'>nune</span> <span class='ocrx_word' id='word_1_39' title='bbox 1534 443 1602 482; x_wconf 87' lang='lat' dir='ltr'>est,</span> 
     </span>
     <span class='ocr_line' id='line_1_8' title="bbox 274 498 1643 549; baseline 0.001 -12"><span class='ocrx_word' id='word_1_40' title='bbox 274 498 521 537; x_wconf 86' lang='lat' dir='ltr'>transierunt.</span> <span class='ocrx_word' id='word_1_41' title='bbox 581 499 659 537; x_wconf 93' lang='lat' dir='ltr'>Sed</span> <span class='ocrx_word' id='word_1_42' title='bbox 687 506 888 537; x_wconf 89' lang='lat' dir='ltr'>memento</span> <span class='ocrx_word' id='word_1_43' title='bbox 915 506 1067 548; x_wconf 86' lang='lat' dir='ltr'>praeter</span> <span class='ocrx_word' id='word_1_44' title='bbox 1093 498 1268 549; x_wconf 90' lang='lat' dir='ltr'>Appium</span> <span class='ocrx_word' id='word_1_45' title='bbox 1296 498 1496 538; x_wconf 89' lang='lat' dir='ltr'>neminem</span> <span class='ocrx_word' id='word_1_46' title='bbox 1520 513 1606 538; x_wconf 87' lang='lat' dir='ltr'>esse</span> <span class='ocrx_word' id='word_1_47' title='bbox 1625 514 1643 545; x_wconf 88' lang='lat'>5</span> 
     </span>
     <span class='ocr_line' id='line_1_9' title="bbox 274 562 1607 614; baseline 0 -12"><span class='ocrx_word' id='word_1_48' title='bbox 274 564 354 602; x_wconf 89' lang='lat' dir='ltr'>fere</span> <span class='ocrx_word' id='word_1_49' title='bbox 375 562 442 613; x_wconf 88' lang='lat' dir='ltr'>qui</span> <span class='ocrx_word' id='word_1_50' title='bbox 463 576 544 602; x_wconf 92' lang='lat' dir='ltr'>non</span> <span class='ocrx_word' id='word_1_51' title='bbox 564 563 624 601; x_wconf 86' lang='lat' dir='ltr'>ius</span> <span class='ocrx_word' id='word_1_52' title='bbox 645 564 790 602; x_wconf 87' lang='lat' dir='ltr'>habeat</span> <span class='ocrx_word' id='word_1_53' title='bbox 810 563 1049 602; x_wconf 84' lang='lat' dir='ltr'>transeundi.</span> <span class='ocrx_word' id='word_1_54' title='bbox 1110 565 1215 602; x_wconf 85' lang='lat' dir='ltr'>Nam</span> <span class='ocrx_word' id='word_1_55' title='bbox 1235 571 1302 602; x_wconf 87' lang='lat' dir='ltr'>aut</span> <span class='ocrx_word' id='word_1_56' title='bbox 1329 578 1419 603; x_wconf 87' lang='lat' dir='ltr'>curn</span> <span class='ocrx_word' id='word_1_57' title='bbox 1441 564 1607 614; x_wconf 85' lang='lat' dir='ltr'>imperio</span> 
     </span>
     <span class='ocr_line' id='line_1_10' title="bbox 275 628 1604 679; baseline 0.001 -12"><span class='ocrx_word' id='word_1_58' title='bbox 275 636 366 667; x_wconf 88' lang='lat' dir='ltr'>sunt</span> <span class='ocrx_word' id='word_1_59' title='bbox 395 636 438 667; x_wconf 89' lang='lat' dir='ltr'>ut</span> <span class='ocrx_word' id='word_1_60' title='bbox 468 628 692 679; x_wconf 89' lang='lat' dir='ltr'>Pompeius,</span> <span class='ocrx_word' id='word_1_61' title='bbox 724 637 767 667; x_wconf 94' lang='lat' dir='ltr'>ut</span> <span class='ocrx_word' id='word_1_62' title='bbox 797 628 939 679; x_wconf 83' lang='lat' dir='ltr'>Scipio,</span> <span class='ocrx_word' id='word_1_63' title='bbox 972 630 1148 677; x_wconf 77' lang='lat' dir='ltr'>Sufenas,</span> <span class='ocrx_word' id='word_1_64' title='bbox 1183 629 1366 677; x_wconf 88' lang='lat' dir='ltr'>Fannius,</span> <span class='ocrx_word' id='word_1_65' title='bbox 1389 629 1604 677; x_wconf 88' lang='lat' dir='ltr'>Voconius,</span> 
     </span>
     <span class='ocr_line' id='line_1_11' title="bbox 276 693 1607 744; baseline 0 -11"><span class='ocrx_word' id='word_1_66' title='bbox 276 693 438 741; x_wconf 85' lang='lat' dir='ltr'>Sestius,</span> <span class='ocrx_word' id='word_1_67' title='bbox 458 693 531 744; x_wconf 90' lang='lat' dir='ltr'>ipsi</span> <span class='ocrx_word' id='word_1_68' title='bbox 553 696 735 732; x_wconf 89' lang='lat' dir='ltr'>consules</span> <span class='ocrx_word' id='word_1_69' title='bbox 763 694 907 744; x_wconf 85' lang='lat' dir='ltr'>quibus</span> <span class='ocrx_word' id='word_1_70' title='bbox 935 707 1043 732; x_wconf 90' lang='lat' dir='ltr'>more</span> <span class='ocrx_word' id='word_1_71' title='bbox 1068 694 1261 733; x_wconf 88' lang='lat' dir='ltr'>maiorum</span> <span class='ocrx_word' id='word_1_72' title='bbox 1288 708 1521 733; x_wconf 86' lang='lat' dir='ltr'>concessum</span> <span class='ocrx_word' id='word_1_73' title='bbox 1548 702 1607 733; x_wconf 91' lang='lat' dir='ltr'>est</span> 
     </span>
     <span class='ocr_line' id='line_1_12' title="bbox 274 758 1607 809; baseline 0.002 -13"><span class='ocrx_word' id='word_1_74' title='bbox 274 760 335 797; x_wconf 91' lang='lat' dir='ltr'>vel</span> <span class='ocrx_word' id='word_1_75' title='bbox 368 759 496 797; x_wconf 88' lang='lat' dir='ltr'>omnis</span> <span class='ocrx_word' id='word_1_76' title='bbox 530 759 638 798; x_wconf 85' lang='lat' dir='ltr'>adire</span> <span class='ocrx_word' id='word_1_77' title='bbox 674 759 910 809; x_wconf 83' lang='lat' dir='ltr'>provincias,</span> <span class='ocrx_word' id='word_1_78' title='bbox 941 766 1009 797; x_wconf 87' lang='lat' dir='ltr'>aut</span> <span class='ocrx_word' id='word_1_79' title='bbox 1043 758 1159 809; x_wconf 88' lang='lat' dir='ltr'>legati</span> <span class='ocrx_word' id='word_1_80' title='bbox 1193 767 1283 798; x_wconf 87' lang='lat' dir='ltr'>sunt</span> <span class='ocrx_word' id='word_1_81' title='bbox 1321 773 1468 798; x_wconf 89' lang='lat' dir='ltr'>eorum.</span> <span class='ocrx_word' id='word_1_82' title='bbox 1528 761 1607 799; x_wconf 92' lang='lat' dir='ltr'>Sed</span> 
     </span>
     <span class='ocr_line' id='line_1_13' title="bbox 274 823 1668 875; baseline 0.001 -14"><span class='ocrx_word' id='word_1_83' title='bbox 274 823 370 861; x_wconf 82' lang='lat' dir='ltr'>nihil</span> <span class='ocrx_word' id='word_1_84' title='bbox 408 825 604 872; x_wconf 77' lang='lat' dir='ltr'>decerno3</span> <span class='ocrx_word' id='word_1_85' title='bbox 644 823 741 874; x_wconf 87' lang='lat' dir='ltr'>quid</span> <span class='ocrx_word' id='word_1_86' title='bbox 779 825 932 874; x_wconf 88' lang='lat' dir='ltr'>placeat</span> <span class='ocrx_word' id='word_1_87' title='bbox 969 823 1040 862; x_wconf 90' lang='lat' dir='ltr'>tibi</span> <span class='ocrx_word' id='word_1_88' title='bbox 1078 831 1116 863; x_wconf 90' lang='lat' dir='ltr'>et</span> <span class='ocrx_word' id='word_1_89' title='bbox 1154 824 1250 875; x_wconf 88' lang='lat' dir='ltr'>quid</span> <span class='ocrx_word' id='word_1_90' title='bbox 1288 837 1410 875; x_wconf 82' lang='lat' dir='ltr'>prope</span> <span class='ocrx_word' id='word_1_91' title='bbox 1442 825 1606 863; x_wconf 91' lang='lat' dir='ltr'>modum</span> <span class='ocrx_word' id='word_1_92' title='bbox 1630 837 1668 860; x_wconf 84' lang='lat'>10</span> 
     </span>
     <span class='ocr_line' id='line_1_14' title="bbox 273 888 708 938; baseline -0.005 -10"><span class='ocrx_word' id='word_1_93' title='bbox 273 896 423 928; x_wconf 88' lang='lat' dir='ltr'>rectum</span> <span class='ocrx_word' id='word_1_94' title='bbox 445 888 493 927; x_wconf 87' lang='lat' dir='ltr'>sit</span> <span class='ocrx_word' id='word_1_95' title='bbox 513 888 708 938; x_wconf 82' lang='lat' dir='ltr'>intellego.</span> 
     </span>
    </p>

    <p class='ocr_par' dir='ltr' id='par_1_5' title="bbox 273 953 1666 1201">
     <span class='ocr_line' id='line_1_15' title="bbox 328 953 1605 1004; baseline 0.001 -13"><span class='ocrx_word' id='word_1_96' title='bbox 328 955 444 992; x_wconf 89' lang='lat' dir='ltr'>Plura</span> <span class='ocrx_word' id='word_1_97' title='bbox 479 953 700 1002; x_wconf 82' lang='lat' dir='ltr'>scriberem,</span> <span class='ocrx_word' id='word_1_98' title='bbox 735 953 766 992; x_wconf 88' lang='lat' dir='ltr'>si</span> <span class='ocrx_word' id='word_1_99' title='bbox 798 953 881 1004; x_wconf 91' lang='lat' dir='ltr'>ipse</span> <span class='ocrx_word' id='word_1_100' title='bbox 915 967 1084 1004; x_wconf 89' lang='lat' dir='ltr'>possem.</span> <span class='ocrx_word' id='word_1_101' title='bbox 1142 955 1232 1001; x_wconf 86' lang='lat' dir='ltr'>Sed,</span> <span class='ocrx_word' id='word_1_102' title='bbox 1258 960 1300 992; x_wconf 89' lang='lat' dir='ltr'>ut</span> <span class='ocrx_word' id='word_1_103' title='bbox 1331 953 1427 992; x_wconf 88' lang='lat' dir='ltr'>mihi</span> <span class='ocrx_word' id='word_1_104' title='bbox 1458 953 1605 1001; x_wconf 89' lang='lat' dir='ltr'>videor,</span> 
     </span>
     <span class='ocr_line' id='line_1_16' title="bbox 273 1018 1607 1069; baseline 0 -12"><span class='ocrx_word' id='word_1_105' title='bbox 273 1026 412 1069; x_wconf 90' lang='lat' dir='ltr'>potero</span> <span class='ocrx_word' id='word_1_106' title='bbox 450 1018 584 1057; x_wconf 91' lang='lat' dir='ltr'>biduo.</span> <span class='ocrx_word' id='word_1_107' title='bbox 645 1018 758 1057; x_wconf 87' lang='lat' dir='ltr'>Balbi</span> <span class='ocrx_word' id='word_1_108' title='bbox 797 1018 957 1058; x_wconf 88' lang='lat' dir='ltr'>Corneli</span> <span class='ocrx_word' id='word_1_109' title='bbox 995 1018 1209 1058; x_wconf 85' lang='lat' dir='ltr'>litterarum</span> <span class='ocrx_word' id='word_1_110' title='bbox 1247 1020 1471 1069; x_wconf 86' lang='lat' dir='ltr'>exemplum</span> <span class='ocrx_word' id='word_1_111' title='bbox 1509 1031 1607 1068; x_wconf 84' lang='lat' dir='ltr'>quas</span> 
     </span>
     <span class='ocr_line' id='line_1_17' title="bbox 274 1085 1606 1137; baseline 0 -12"><span class='ocrx_word' id='word_1_112' title='bbox 274 1088 416 1125; x_wconf 89' lang='lat' dir='ltr'>eodem</span> <span class='ocrx_word' id='word_1_113' title='bbox 456 1086 520 1125; x_wconf 90' lang='lat' dir='ltr'>die</span> <span class='ocrx_word' id='word_1_114' title='bbox 553 1086 688 1137; x_wconf 85' lang='lat' dir='ltr'>accepi</span> <span class='ocrx_word' id='word_1_115' title='bbox 720 1100 800 1136; x_wconf 87' lang='lat' dir='ltr'>quo</span> <span class='ocrx_word' id='word_1_116' title='bbox 834 1094 920 1125; x_wconf 85' lang='lat' dir='ltr'>tuas</span> <span class='ocrx_word' id='word_1_117' title='bbox 952 1086 1039 1125; x_wconf 89' lang='lat' dir='ltr'>misi</span> <span class='ocrx_word' id='word_1_118' title='bbox 1073 1087 1124 1126; x_wconf 88' lang='lat' dir='ltr'>ad</span> <span class='ocrx_word' id='word_1_119' title='bbox 1158 1094 1206 1135; x_wconf 89' lang='lat' dir='ltr'>te,</span> <span class='ocrx_word' id='word_1_120' title='bbox 1240 1093 1282 1125; x_wconf 89' lang='lat' dir='ltr'>ut</span> <span class='ocrx_word' id='word_1_121' title='bbox 1316 1100 1446 1126; x_wconf 83' lang='lat' dir='ltr'>meam</span> <span class='ocrx_word' id='word_1_122' title='bbox 1479 1085 1606 1126; x_wconf 89' lang='lat' dir='ltr'>vicem</span> 
     </span>
     <span class='ocr_line' id='line_1_18' title="bbox 274 1151 1666 1201; baseline -0.001 -9"><span class='ocrx_word' id='word_1_123' title='bbox 274 1153 439 1201; x_wconf 85' lang='lat' dir='ltr'>doleres,</span> <span class='ocrx_word' id='word_1_124' title='bbox 463 1165 554 1191; x_wconf 93' lang='lat' dir='ltr'>cum</span> <span class='ocrx_word' id='word_1_125' title='bbox 575 1165 639 1191; x_wconf 91' lang='lat' dir='ltr'>me</span> <span class='ocrx_word' id='word_1_126' title='bbox 660 1151 828 1191; x_wconf 89' lang='lat' dir='ltr'>derideri</span> <span class='ocrx_word' id='word_1_127' title='bbox 848 1151 1011 1192; x_wconf 86' lang='lat' dir='ltr'>videres.</span> <span class='ocrx_word' id='word_1_128' title='bbox 1629 1164 1666 1197; x_wconf 89' lang='lat'>15</span> 
     </span>
    </p>
   </div>
   <div class='ocr_carea' id='block_1_5' title="bbox 918 1313 968 1350">
    <p class='ocr_par' dir='ltr' id='par_1_6' title="bbox 918 1313 968 1350">
     <span class='ocr_line' id='line_1_19' title="bbox 918 1313 968 1350; baseline 0 0"><span class='ocrx_word' id='word_1_129' title='bbox 918 1313 968 1350; x_wconf 93' lang='lat' dir='ltr'>A.</span> 
     </span>
    </p>
   </div>
   <div class='ocr_carea' id='block_1_6' title="bbox 580 1414 1303 1541">
    <p class='ocr_par' dir='ltr' id='par_1_7' title="bbox 580 1414 1303 1541">
     <span class='ocr_line' id='line_1_20' title="bbox 580 1414 1303 1458; baseline 0.003 -11"><span class='ocrx_word' id='word_1_130' title='bbox 580 1414 650 1447; x_wconf 82' lang='lat' dir='ltr'>Ser.</span> <span class='ocrx_word' id='word_1_131' title='bbox 670 1415 802 1447; x_wconf 83' lang='lat' dir='ltr'>Romae</span> <span class='ocrx_word' id='word_1_132' title='bbox 816 1415 883 1447; x_wconf 74' lang='lat' dir='ltr'>circ.</span> <span class='ocrx_word' id='word_1_133' title='bbox 904 1415 947 1448; x_wconf 88' lang='lat' dir='ltr'>K.</span> <span class='ocrx_word' id='word_1_134' title='bbox 966 1414 1067 1448; x_wconf 81' lang='lat' dir='ltr'>Mart.</span> <span class='ocrx_word' id='word_1_135' title='bbox 1085 1427 1115 1448; x_wconf 85' lang='lat' dir='ltr'>a.</span> <span class='ocrx_word' id='word_1_136' title='bbox 1139 1426 1195 1457; x_wconf 80' lang='lat'>705</span> <span class='ocrx_word' id='word_1_137' title='bbox 1216 1415 1303 1458; x_wconf 81' lang='lat'>(49).</span> 
     </span>
     <span class='ocr_line' id='line_1_21' title="bbox 605 1507 1289 1541; baseline 0.004 -3"><span class='ocrx_word' id='word_1_138' title='bbox 605 1507 788 1539; x_wconf 86' lang='lat' dir='ltr'>BALBVS</span> <span class='ocrx_word' id='word_1_139' title='bbox 814 1507 1042 1539; x_wconf 87' lang='lat' dir='ltr'>CICERONI</span> <span class='ocrx_word' id='word_1_140' title='bbox 1071 1508 1163 1541; x_wconf 91' lang='lat' dir='ltr'>IMP.</span> <span class='ocrx_word' id='word_1_141' title='bbox 1191 1509 1289 1541; x_wconf 87' lang='lat' dir='ltr'><strong>SAL.</strong></span> 
     </span>
    </p>
   </div>
   <div class='ocr_carea' id='block_1_7' title="bbox 274 1595 1667 2294">
    <p class='ocr_par' dir='ltr' id='par_1_8' title="bbox 274 1595 1667 2217">
     <span class='ocr_line' id='line_1_22' title="bbox 333 1595 1608 1647; baseline 0.001 -12"><span class='ocrx_word' id='word_1_142' title='bbox 333 1596 511 1635; x_wconf 86' lang='lat' dir='ltr'>Obsecro</span> <span class='ocrx_word' id='word_1_143' title='bbox 541 1603 590 1643; x_wconf 87' lang='lat' dir='ltr'>te,</span> <span class='ocrx_word' id='word_1_144' title='bbox 623 1595 774 1643; x_wconf 92' lang='lat' dir='ltr'>Cicero,</span> <span class='ocrx_word' id='word_1_145' title='bbox 806 1596 961 1646; x_wconf 86' lang='lat' dir='ltr'>suscipe</span> <span class='ocrx_word' id='word_1_146' title='bbox 991 1610 1124 1635; x_wconf 85' lang='lat' dir='ltr'>curam</span> <span class='ocrx_word' id='word_1_147' title='bbox 1164 1605 1203 1636; x_wconf 91' lang='lat' dir='ltr'>et</span> <span class='ocrx_word' id='word_1_148' title='bbox 1241 1597 1520 1647; x_wconf 81' lang='lat' dir='ltr'>cogitationem</span> <span class='ocrx_word' id='word_1_149' title='bbox 1552 1596 1608 1636; x_wconf 91' lang='lat' dir='ltr'>di-</span> 
     </span>
     <span class='ocr_line' id='line_1_23' title="bbox 276 1660 1667 1712; baseline 0.001 -14"><span class='ocrx_word' id='word_1_150' title='bbox 276 1660 504 1711; x_wconf 88' lang='lat' dir='ltr'>gnissimam</span> <span class='ocrx_word' id='word_1_151' title='bbox 526 1668 615 1699; x_wconf 87' lang='lat' dir='ltr'>tuae</span> <span class='ocrx_word' id='word_1_152' title='bbox 639 1660 789 1698; x_wconf 86' lang='lat' dir='ltr'>virtutis</span> <span class='ocrx_word' id='word_1_153' title='bbox 817 1669 858 1699; x_wconf 89' lang='lat' dir='ltr'>ut</span> <span class='ocrx_word' id='word_1_154' title='bbox 880 1662 1088 1700; x_wconf 82' lang='lat' dir='ltr'>Caesarem</span> <span class='ocrx_word' id='word_1_155' title='bbox 1120 1670 1158 1700; x_wconf 92' lang='lat' dir='ltr'>et</span> <span class='ocrx_word' id='word_1_156' title='bbox 1180 1662 1413 1712; x_wconf 88' lang='lat' dir='ltr'>Pompeium</span> <span class='ocrx_word' id='word_1_157' title='bbox 1443 1661 1607 1712; x_wconf 87' lang='lat' dir='ltr'>perfidia</span> <span class='ocrx_word' id='word_1_158' title='bbox 1628 1678 1667 1701; x_wconf 92' lang='lat'>20</span> 
     </span>
     <span class='ocr_line' id='line_1_24' title="bbox 275 1725 1603 1776; baseline 0.002 -13"><span class='ocrx_word' id='word_1_159' title='bbox 275 1725 483 1764; x_wconf 91' lang='lat' dir='ltr'>hominum</span> <span class='ocrx_word' id='word_1_160' title='bbox 505 1725 711 1764; x_wconf 85' lang='lat' dir='ltr'>distractos</span> <span class='ocrx_word' id='word_1_161' title='bbox 732 1739 862 1764; x_wconf 85' lang='lat' dir='ltr'>rursus</span> <span class='ocrx_word' id='word_1_162' title='bbox 883 1726 922 1763; x_wconf 92' lang='lat' dir='ltr'>in</span> <span class='ocrx_word' id='word_1_163' title='bbox 939 1726 1141 1776; x_wconf 79' lang='lat' dir='ltr'>pristinam</span> <span class='ocrx_word' id='word_1_164' title='bbox 1159 1727 1411 1765; x_wconf 80' lang='lat' dir='ltr'>concordiam</span> <span class='ocrx_word' id='word_1_165' title='bbox 1429 1728 1603 1766; x_wconf 87' lang='lat' dir='ltr'>reducas.</span> 
     </span>
     <span class='ocr_line' id='line_1_25' title="bbox 276 1790 1607 1842; baseline 0.002 -13"><span class='ocrx_word' id='word_1_166' title='bbox 276 1791 405 1830; x_wconf 89' lang='lat' dir='ltr'>Crede</span> <span class='ocrx_word' id='word_1_167' title='bbox 427 1790 522 1828; x_wconf 84' lang='lat' dir='ltr'>mihi</span> <span class='ocrx_word' id='word_1_168' title='bbox 544 1791 752 1829; x_wconf 85' lang='lat' dir='ltr'>Caesarem</span> <span class='ocrx_word' id='word_1_169' title='bbox 781 1804 861 1828; x_wconf 89' lang='lat' dir='ltr'>non</span> <span class='ocrx_word' id='word_1_170' title='bbox 889 1792 1016 1829; x_wconf 88' lang='lat' dir='ltr'>solum</span> <span class='ocrx_word' id='word_1_171' title='bbox 1041 1793 1122 1829; x_wconf 88' lang='lat' dir='ltr'>fore</span> <span class='ocrx_word' id='word_1_172' title='bbox 1149 1791 1189 1828; x_wconf 93' lang='lat' dir='ltr'>in</span> <span class='ocrx_word' id='word_1_173' title='bbox 1219 1799 1285 1829; x_wconf 84' lang='lat' dir='ltr'>tua</span> <span class='ocrx_word' id='word_1_174' title='bbox 1314 1799 1507 1842; x_wconf 51' lang='lat' dir='ltr'>potestate</span> <span class='ocrx_word' id='word_1_175' title='bbox 1536 1793 1607 1831; x_wconf 89' lang='lat' dir='ltr'>sed</span> 
     </span>
     <span class='ocr_line' id='line_1_26' title="bbox 275 1855 1606 1904; baseline 0.002 -11"><span class='ocrx_word' id='word_1_176' title='bbox 275 1855 391 1893; x_wconf 88' lang='lat' dir='ltr'>etiam</span> <span class='ocrx_word' id='word_1_177' title='bbox 418 1855 630 1893; x_wconf 79' lang='lat' dir='ltr'>maximum</span> <span class='ocrx_word' id='word_1_178' title='bbox 660 1855 898 1893; x_wconf 74' lang='lat' dir='ltr'>beneficium</span> <span class='ocrx_word' id='word_1_179' title='bbox 927 1863 964 1893; x_wconf 86' lang='lat' dir='ltr'>te</span> <span class='ocrx_word' id='word_1_180' title='bbox 991 1855 1065 1893; x_wconf 91' lang='lat' dir='ltr'>sibi</span> <span class='ocrx_word' id='word_1_181' title='bbox 1092 1855 1249 1894; x_wconf 89' lang='lat' dir='ltr'>dedisse</span> <span class='ocrx_word' id='word_1_182' title='bbox 1274 1855 1548 1904; x_wconf 82' lang='lat' dir='ltr'>iudicaturum,</span> <span class='ocrx_word' id='word_1_183' title='bbox 1575 1856 1606 1895; x_wconf 89' lang='lat' dir='ltr'>si</span> 
     </span>
     <span class='ocr_line' id='line_1_27' title="bbox 274 1919 1606 1970; baseline 0.002 -12"><span class='ocrx_word' id='word_1_184' title='bbox 274 1920 351 1958; x_wconf 90' lang='lat' dir='ltr'>hoc</span> <span class='ocrx_word' id='word_1_185' title='bbox 372 1927 409 1958; x_wconf 89' lang='lat' dir='ltr'>te</span> <span class='ocrx_word' id='word_1_186' title='bbox 430 1919 551 1958; x_wconf 89' lang='lat' dir='ltr'>reicis.</span> <span class='ocrx_word' id='word_1_187' title='bbox 598 1920 727 1958; x_wconf 87' lang='lat' dir='ltr'>Velim</span> <span class='ocrx_word' id='word_1_188' title='bbox 750 1920 854 1958; x_wconf 87' lang='lat' dir='ltr'>idern</span> <span class='ocrx_word' id='word_1_189' title='bbox 879 1920 1090 1970; x_wconf 87' lang='lat' dir='ltr'>Pompeius</span> <span class='ocrx_word' id='word_1_190' title='bbox 1112 1920 1237 1959; x_wconf 84' lang='lat' dir='ltr'>faciat.</span> <span class='ocrx_word' id='word_1_191' title='bbox 1297 1921 1377 1970; x_wconf 84' lang='lat' dir='ltr'>Qui</span> <span class='ocrx_word' id='word_1_192' title='bbox 1399 1929 1440 1959; x_wconf 88' lang='lat' dir='ltr'>ut</span> <span class='ocrx_word' id='word_1_193' title='bbox 1460 1921 1606 1960; x_wconf 90' lang='lat' dir='ltr'>adduci</span> 
     </span>
     <span class='ocr_line' id='line_1_28' title="bbox 274 1984 1666 2036; baseline 0.001 -14"><span class='ocrx_word' id='word_1_194' title='bbox 274 1984 341 2023; x_wconf 88' lang='lat' dir='ltr'>tali</span> <span class='ocrx_word' id='word_1_195' title='bbox 362 1993 538 2035; x_wconf 88' lang='lat' dir='ltr'>tempore</span> <span class='ocrx_word' id='word_1_196' title='bbox 559 1986 609 2023; x_wconf 83' lang='lat' dir='ltr'>ad</span> <span class='ocrx_word' id='word_1_197' title='bbox 630 1986 749 2023; x_wconf 85' lang='lat' dir='ltr'>ullam</span> <span class='ocrx_word' id='word_1_198' title='bbox 772 1985 1047 2023; x_wconf 88' lang='lat' dir='ltr'>condicionem</span> <span class='ocrx_word' id='word_1_199' title='bbox 1077 1985 1199 2035; x_wconf 84' lang='lat' dir='ltr'>possit</span> <span class='ocrx_word' id='word_1_200' title='bbox 1227 1986 1348 2035; x_wconf 86' lang='lat' dir='ltr'>magis</span> <span class='ocrx_word' id='word_1_201' title='bbox 1370 1994 1465 2036; x_wconf 90' lang='lat' dir='ltr'>opto</span> <span class='ocrx_word' id='word_1_202' title='bbox 1486 2000 1604 2036; x_wconf 80' lang='lat' dir='ltr'>quam</span> <span class='ocrx_word' id='word_1_203' title='bbox 1627 2000 1666 2034; x_wconf 87' lang='lat'>25</span> 
     </span>
     <span class='ocr_line' id='line_1_29' title="bbox 274 2049 1607 2101; baseline 0.002 -14"><span class='ocrx_word' id='word_1_204' title='bbox 274 2063 399 2100; x_wconf 89' lang='lat' dir='ltr'>spero.</span> <span class='ocrx_word' id='word_1_205' title='bbox 458 2051 536 2087; x_wconf 84' lang='lat' dir='ltr'>Sed</span> <span class='ocrx_word' id='word_1_206' title='bbox 557 2063 647 2087; x_wconf 89' lang='lat' dir='ltr'>cum</span> <span class='ocrx_word' id='word_1_207' title='bbox 669 2049 883 2087; x_wconf 84' lang='lat' dir='ltr'>constiterit</span> <span class='ocrx_word' id='word_1_208' title='bbox 904 2057 941 2087; x_wconf 89' lang='lat' dir='ltr'>et</span> <span class='ocrx_word' id='word_1_209' title='bbox 962 2049 1098 2088; x_wconf 89' lang='lat' dir='ltr'>timere</span> <span class='ocrx_word' id='word_1_210' title='bbox 1119 2050 1285 2097; x_wconf 88' lang='lat' dir='ltr'>desierit,</span> <span class='ocrx_word' id='word_1_211' title='bbox 1309 2059 1392 2089; x_wconf 63' lang='lat' dir='ltr'>tuin</span> <span class='ocrx_word' id='word_1_212' title='bbox 1422 2051 1607 2101; x_wconf 85' lang='lat' dir='ltr'>incipiam</span> 
     </span>
     <span class='ocr_line' id='line_1_30' title="bbox 274 2114 1608 2166; baseline 0.002 -14"><span class='ocrx_word' id='word_1_213' title='bbox 274 2127 356 2152; x_wconf 89' lang='lat' dir='ltr'>non</span> <span class='ocrx_word' id='word_1_214' title='bbox 403 2114 608 2164; x_wconf 85' lang='lat' dir='ltr'>desperare</span> <span class='ocrx_word' id='word_1_215' title='bbox 655 2121 763 2152; x_wconf 79' lang='lat' dir='ltr'>tuam</span> <span class='ocrx_word' id='word_1_216' title='bbox 810 2114 1083 2152; x_wconf 83' lang='lat' dir='ltr'>auctoritatem</span> <span class='ocrx_word' id='word_1_217' title='bbox 1122 2115 1333 2165; x_wconf 88' lang='lat' dir='ltr'>plurimum</span> <span class='ocrx_word' id='word_1_218' title='bbox 1371 2117 1478 2166; x_wconf 89' lang='lat' dir='ltr'>apud</span> <span class='ocrx_word' id='word_1_219' title='bbox 1516 2129 1608 2154; x_wconf 90' lang='lat' dir='ltr'>eum</span> 
     </span>
     <span class='ocr_line' id='line_1_31' title="bbox 275 2178 492 2217; baseline -0.005 0"><span class='ocrx_word' id='word_1_220' title='bbox 275 2178 492 2217; x_wconf 83' lang='lat' dir='ltr'>valituram.</span> 
     </span>
    </p>

    <p class='ocr_par' dir='ltr' id='par_1_9' title="bbox 332 2243 1603 2294">
     <span class='ocr_line' id='line_1_32' title="bbox 332 2243 1603 2294; baseline 0.002 -13"><span class='ocrx_word' id='word_1_221' title='bbox 332 2245 453 2294; x_wconf 87' lang='lat' dir='ltr'>Quod</span> <span class='ocrx_word' id='word_1_222' title='bbox 484 2245 698 2282; x_wconf 87' lang='lat' dir='ltr'>Lentulum</span> <span class='ocrx_word' id='word_1_223' title='bbox 728 2245 930 2282; x_wconf 86' lang='lat' dir='ltr'>consulem</span> <span class='ocrx_word' id='word_1_224' title='bbox 963 2257 1095 2282; x_wconf 89' lang='lat' dir='ltr'>meum</span> <span class='ocrx_word' id='word_1_225' title='bbox 1116 2243 1273 2283; x_wconf 89' lang='lat' dir='ltr'>voluisti</span> <span class='ocrx_word' id='word_1_226' title='bbox 1303 2244 1366 2283; x_wconf 90' lang='lat' dir='ltr'>hic</span> <span class='ocrx_word' id='word_1_227' title='bbox 1393 2258 1603 2292; x_wconf 85' lang='lat' dir='ltr'>remanere,</span> 
     </span>
    </p>
   </div>
   <div class='ocr_carea' id='block_1_8' title="bbox 278 2347 1606 2432">
    <p class='ocr_par' dir='ltr' id='par_1_10' title="bbox 278 2347 1606 2432">
     <span class='ocr_line' id='line_1_33' title="bbox 322 2347 1606 2388; baseline 0 -10"><span class='ocrx_word' id='word_1_228' title='bbox 322 2360 339 2388; x_wconf 96' lang='lat'>7</span> <span class='ocrx_word' id='word_1_229' title='bbox 365 2347 554 2388; x_wconf 64' lang='lat' dir='ltr'>Voconius]</span> <span class='ocrx_word' id='word_1_230' title='bbox 573 2348 747 2387; x_wconf 85' lang='lat' dir='ltr'>Coponius</span> <span class='ocrx_word' id='word_1_231' title='bbox 774 2347 801 2377; x_wconf 91' lang='lat' dir='ltr'><em>L</em></span> <span class='ocrx_word' id='word_1_232' title='bbox 823 2347 963 2387; x_wconf 63' lang='lat' dir='ltr'>(marg.)</span> <span class='ocrx_word' id='word_1_233' title='bbox 1222 2358 1262 2384; x_wconf 82' lang='lat'>24</span> <span class='ocrx_word' id='word_1_234' title='bbox 1287 2348 1363 2386; x_wconf 87' lang='lat' dir='ltr'>hoc,</span> <span class='ocrx_word' id='word_1_235' title='bbox 1381 2349 1418 2388; x_wconf 89' lang='lat' dir='ltr'>cf.</span> <span class='ocrx_word' id='word_1_236' title='bbox 1438 2347 1485 2379; x_wconf 85' lang='lat' dir='ltr'>ad</span> <span class='ocrx_word' id='word_1_237' title='bbox 1501 2357 1538 2379; x_wconf 88' lang='lat'>12</span> <span class='ocrx_word' id='word_1_238' title='bbox 1552 2358 1570 2379; x_wconf 91' lang='lat' dir='ltr'>c</span> <span class='ocrx_word' id='word_1_239' title='bbox 1587 2357 1606 2378; x_wconf 84' lang='lat'>2</span> 
     </span>
     <span class='ocr_line' id='line_1_34' title="bbox 278 2391 1339 2432; baseline 0.001 -10"><span class='ocrx_word' id='word_1_240' title='bbox 278 2403 319 2431; x_wconf 88' lang='lat'>29</span> <span class='ocrx_word' id='word_1_241' title='bbox 345 2392 518 2422; x_wconf 87' lang='lat' dir='ltr'>consulem</span> <span class='ocrx_word' id='word_1_242' title='bbox 535 2392 594 2423; x_wconf 86' lang='lat' dir='ltr'>del.</span> <span class='ocrx_word' id='word_1_243' title='bbox 616 2391 737 2422; x_wconf 74' lang='lat' dir='ltr'>lVei&#39;ske</span> <span class='ocrx_word' id='word_1_244' title='bbox 824 2392 950 2432; x_wconf 87' lang='lat' dir='ltr'>meum]</span> <span class='ocrx_word' id='word_1_245' title='bbox 971 2402 1098 2422; x_wconf 82' lang='lat' dir='ltr'>mecum</span> <span class='ocrx_word' id='word_1_246' title='bbox 1117 2391 1195 2422; x_wconf 83' lang='lat' dir='ltr'>coni.</span> <span class='ocrx_word' id='word_1_247' title='bbox 1218 2392 1339 2431; x_wconf 77' lang='lat' dir='ltr'>Tyrrell</span> 
     </span>
    </p>
   </div>
  </div>
 </body>
</html>
