1817 2832
638 109 751 148 EPP.
783 109 861 147 AD
890 109 1150 148 ATTICVM
1461 107 1555 144 VII.
1578 105 1687 143 xxiv

253 240 406 276 XXIV
482 242 552 275 Scr.
572 244 606 273 in
623 243 804 274 Formiano
820 243 851 274 iv
865 242 914 274 Id.
932 242 1020 289 febr.
1041 253 1072 274 α.
1093 251 1147 282 705
1165 241 1251 282 (49).

625 331 800 363 CICERO
831 332 1003 363 ATTICO
1035 331 1134 363 SAL.

268 420 470 460 Philotimi
499 420 648 459 litterae
678 434 741 458 me
768 419 929 470 quidem
957 433 1038 458 non
1064 419 1180 458 nimis
1207 420 1277 458 sed
1309 431 1376 457 eos
1403 417 1470 468 qui
1499 417 1540 455 in

212 486 273 524 his
294 485 390 524 locis
411 493 519 524 erant
539 486 757 524 admodum
778 485 1032 523 delectarunt.
1075 486 1179 523 Ecce
1199 483 1386 534 postridie
1403 481 1541 522 Cassio

176 562 193 593 5
213 550 363 588 litterae
380 551 519 599 Capua
533 563 556 588 a
573 549 766 596 Lucretio,
786 549 962 587 familiari
983 549 1079 596 eius,
1096 549 1298 599 Nigidium
1319 562 1342 586 a
1364 546 1542 586 Domitio

217 616 396 665 Capuam
417 614 579 653 venisse.
640 616 743 652 Eum
765 613 895 653 (licere
910 614 1130 652 Vibullium
1150 627 1240 652 cum
1262 612 1395 662 paucis
1417 610 1543 649 militi-

215 681 289 719 bus
319 693 340 718 e
371 679 518 718 Piceno
547 692 698 717 currere
726 680 778 717 ad
812 680 1008 726 Gnaeum,
1028 678 1235 716 confestim
1263 676 1416 727 insequi
1448 677 1544 716 Cae-

215 758 352 791 sarem,
396 744 616 782 Domitium
655 757 736 782 non
775 744 920 782 habere
958 743 1126 781 militum
1165 755 1212 781 111
1251 742 1367 780 milia.
1429 743 1543 780 Idem

216 809 369 859 scripsit
408 810 546 859 Capua
584 810 766 847 consules
808 808 1043 847 discessisse.
1121 810 1214 847 Non
1262 807 1402 846 dubito
1446 806 1542 856 quin

160 890 198 911 ιο
219 876 379 913 Gnaeus
400 874 439 912 in
455 876 544 924 fuga
564 874 611 912 sit
626 888 636 921 3
665 875 787 913 modo
807 873 974 923 effugiat.
1025 875 1111 923 Ego
1130 886 1154 911 a
1173 872 1338 912 consilio
1353 870 1539 922 fugiendi,

218 948 260 978 ut
281 947 322 978 tu
343 952 490 987 censes,
513 939 664 977 absum.

254 1065 383 1100 XXV
429 1067 497 1099 Ser.
517 1068 551 1098 in
569 1067 750 1099 Formiano
765 1068 798 1098 iv
813 1074 874 1098 aut
888 1068 924 1098 iii
936 1067 986 1099 Id.
1005 1067 1094 1100 Febr.
1113 1079 1143 1099 a.
1165 1077 1219 1108 705
1237 1067 1324 1109 (49).

678 1143 852 1175 CICERO
883 1144 1068 1175 ATTICO.

277 1223 379 1261 Cum
401 1221 598 1260 dedissem
625 1222 676 1260 ad
697 1229 734 1260 te
762 1221 908 1260 litteras
928 1221 1045 1260 tristis
1072 1228 1110 1260 et
1131 1228 1264 1260 metuo
1293 1235 1344 1260 ne
1367 1234 1475 1260 veras
1495 1222 1545 1260 de

163 1301 201 1333 15
222 1286 381 1325 Lucreti
413 1287 465 1324 ad
496 1285 676 1325 Cassium
708 1285 842 1324 litteris
874 1287 1013 1336 Capua
1043 1285 1180 1333 missis,
1216 1285 1407 1336 Cephalio
1440 1285 1547 1324 venit

222 1364 245 1388 a
278 1350 401 1389 vobis.
460 1350 603 1389 Attulit
634 1350 752 1389 etiam
782 1364 806 1389 a
836 1357 874 1389 te
904 1350 1049 1390 litteras
1080 1350 1280 1389 hilariores
1311 1364 1385 1389 nec
1414 1358 1547 1388 tamen

221 1416 362 1462 firmas,
400 1423 443 1453 ut
482 1417 595 1453 soles.
667 1415 814 1454 Omnia
848 1415 997 1454 facilius
1035 1416 1194 1454 credere
1232 1429 1393 1466 possum
1427 1428 1547 1465 quam

222 1481 331 1529 quod
365 1479 544 1528 scribitis,
579 1480 813 1530 Pompeium
847 1480 1059 1519 exercitum
1093 1480 1247 1519 habere.
1308 1482 1439 1519 Nemo
1470 1481 1547 1518 huc

222 1544 275 1582 ita
303 1545 428 1582 adfert
457 1544 669 1594 omniaque
699 1558 799 1594 quae
826 1544 959 1583 nolim.
1018 1546 1055 1584 O
1081 1558 1163 1583 rem
1191 1545 1396 1583 miseram!
1426 1546 1547 1583 malas

165 1623 204 1645 20
223 1622 359 1646 causas
389 1621 543 1659 semper
571 1608 752 1656 obtinuit,
784 1609 824 1646 in
854 1609 1003 1659 optima
1032 1609 1215 1648 concidit.
1275 1610 1385 1658 Quid
1418 1609 1548 1648 dicam

223 1673 297 1711 nisi
318 1673 413 1711 illud
430 1687 519 1712 eum
537 1673 655 1712 scisse
672 1674 818 1724 (neque
835 1674 940 1712 enim
957 1681 1038 1712 erat
1053 1673 1239 1724 difficile),
1257 1675 1333 1713 hoc
1349 1674 1550 1713 nescisse?

224 1739 318 1776 Erat
338 1737 443 1776 enim
463 1751 523 1776 ars
540 1738 706 1776 difficilis
726 1746 830 1777 recte
850 1752 931 1777 rem
952 1738 1152 1789 publicam
1181 1752 1323 1789 regere.
1373 1739 1452 1778 Sed
1472 1738 1549 1777 iam

224 1801 381 1851 iamque
401 1802 535 1840 omnia
554 1802 722 1841 sciemus
743 1810 782 1841 et
801 1802 1017 1842 scribemus
1037 1804 1088 1842 ad
1109 1811 1146 1843 te
1167 1803 1308 1842 statim.

269 1933 424 1969 XXVI
511 1937 580 1968 Scr.
598 1937 632 1968 in
649 1938 828 1969 Formiano
841 1949 885 1969 xv
900 1939 943 1971 K.
963 1938 1062 1970 Mart.
1081 1949 1112 1970 a.
1133 1949 1188 1979 705
1206 1939 1290 1981 (49).

170 2034 208 2065 ²5
634 2025 805 2057 CICERO
828 2025 1010 2057 ATTICO
1039 2026 1147 2059 SAL.

285 2103 378 2140 Non
398 2102 503 2140 venit
524 2102 628 2141 idem
656 2116 729 2141 usu
756 2102 852 2140 mihi
882 2105 990 2152 quod
1011 2111 1053 2142 tu
1079 2104 1151 2143 tibi
1177 2105 1324 2152 scribis,
1350 2105 1553 2155 ‘quotiens
1572 2115 1589 2141 1

229 2166 404 2204 exorior.'
444 2168 528 2216 Ego
548 2166 654 2204 enim
670 2180 775 2205 nunc
790 2168 962 2216 primum
981 2170 1142 2218 paulum
1164 2169 1315 2208 exorior
1330 2177 1368 2208 et
1384 2170 1553 2209 maxime

274 2279 293 2306 4
318 2267 435 2298 Cassio
459 2267 602 2298 Rosius:
627 2268 733 2298 Cassii
757 2267 798 2297 M
947 2270 967 2299 8
992 2279 1030 2300 111
1057 2270 1148 2300 milia
1174 2270 1314 2302 Rosius:
1339 2272 1407 2302 uim
1432 2271 1553 2311 M(i.e.

231 2310 338 2346 iiim.)
475 2321 513 2341 10
540 2312 609 2347 Ego
627 2322 645 2341 a
667 2312 869 2351 Wesenbeaeg:
899 2323 917 2342 e
941 2312 1009 2343 M1:
1038 2324 1102 2352 ego
1125 2313 1171 2344 C:
1199 2325 1217 2344 a
1238 2312 1291 2344 M²
1440 2325 1478 2353 19
1503 2314 1551 2355 O]

232 2352 327 2382 OPR
340 2351 421 2383 Ant.
447 2352 566 2385 Lamb.
585 2355 700 2394 etsbrt.
719 2354 767 2386 Z:
794 2365 860 2386 om.
889 2355 930 2385 M
1058 2366 1099 2395 27
1124 2357 1266 2396 primum
1293 2357 1370 2388 add.
1390 2358 1514 2389 Muller
