1817 2832
670 123 783 160 EPP.
814 123 893 160 AD
922 122 1181 162 ATTICVM
1550 122 1618 158 IV.
1642 119 1734 156 xvii

254 232 303 271 de
321 231 497 271 Caesaris
518 231 557 270 in
579 246 643 271 me
662 246 796 271 amore
815 232 992 283 cognovi,
1010 247 1134 283 eaque
1154 240 1244 272 sunt
1265 232 1385 283 ipsius
1403 230 1580 272 Caesaris

254 297 458 335 uberrimis
496 297 631 336 litteris
670 299 910 336 confirmata.
975 298 1189 336 Britannici
1228 298 1320 337 belli
1359 297 1483 336 exitus
1521 311 1581 336 ex-

254 370 469 411 spectatur3
499 371 653 401 constat
669 363 774 401 enim
790 363 919 401 aditus
940 362 1090 401 insulae
1110 376 1195 402 esse
1216 370 1388 401 muratos
1409 362 1581 400 mirificis

254 426 434 465 molibus.
515 427 644 465 Etiam
683 428 780 466 illud
818 428 895 466 iarn
934 428 1135 478 cognitum
1175 435 1232 466 est
1267 441 1395 478 neque
1433 426 1581 476 argenti

215 504 231 536 5
254 491 467 541 scripulum
487 506 572 531 esse
593 494 715 531 ullum
744 492 784 531 in
810 492 876 530 illa
902 492 1028 530 insula
1052 506 1181 542 neque
1202 494 1321 530 ullam
1346 506 1454 542 spem
1476 506 1581 543 prae-

253 557 327 594 dae
354 556 428 595 nisi
455 571 501 595 ex
528 557 758 608 mancipiis3
786 571 833 596 ex
860 557 1003 607 quibus
1031 559 1159 595 nullos
1180 564 1276 607 puto
1298 564 1335 596 te
1356 557 1491 595 litteris
1514 565 1582 595 aut

253 621 413 660 musicis
434 622 606 660 eruditos
627 630 861 673 exspectare.
912 623 1057 660 Paulus
1073 622 1112 659 in
1130 622 1262 660 medio
1279 624 1362 660 foro
1379 622 1579 660 basilicam
1600 626 1622 665 7
1643 616 1745 667 (XVI.
1774 631 1817 665 14

253 685 330 724 iam
363 701 487 737 paene
519 695 664 726 texerat
698 687 823 726 isdem
862 687 1034 737 antiquis
1068 687 1274 733 columnis,
1309 687 1414 725 illam
1448 695 1581 725 autem

254 764 370 800 quam
394 752 536 790 locavit
552 752 643 790 facit
659 752 1099 802 magnificentissimam.
1152 752 1259 801 Quid
1277 752 1458 801 quaeris?
1485 751 1581 790 nihil

196 831 236 854 10
253 816 397 866 gratius
427 817 494 856 illo
524 826 795 864 monumento,
825 817 921 855 nihil
950 817 1167 867 gloriosius.
1233 819 1373 867 Itaque
1403 816 1581 856 Caesaris

252 881 379 928 amici,
399 895 462 920 me
477 882 568 920 dico
589 889 627 919 et
643 882 829 932 Oppium,
849 881 1082 932 dirumparis
1100 882 1199 928 licet,
1218 883 1260 919 in
1278 890 1580 920 monumentum

252 945 349 984 illud
375 948 483 996 quod
511 954 552 984 tu
577 948 712 985 tollere
741 946 923 985 laudibus
953 947 1117 993 solebas,
1141 954 1183 985 ut
1210 948 1336 985 forum
1364 948 1580 986 laxaremus

252 1019 290 1049 et
316 1024 441 1060 usque
469 1012 520 1049 ad
550 1011 690 1049 atrium
716 1011 924 1050 Libertatis
954 1011 1247 1061 explicaremus,
1270 1012 1580 1062 contempsimus

251 1076 467 1114 sexcenties
500 1078 570 1114 HS
587 1091 596 1123 3
631 1090 719 1115 cum
753 1076 911 1126 privatis
946 1090 1026 1114 non
1058 1084 1209 1126 poterat
1239 1076 1397 1126 transigi
1429 1077 1580 1115 minore

194 1156 231 1188 15
251 1140 426 1190 pecunia.
488 1140 713 1179 Efficiemus
746 1154 828 1179 rem
861 1140 1180 1190 gloriosissimam
1198 1155 1206 1188 ;
1243 1155 1335 1178 nam
1367 1141 1406 1178 in
1438 1155 1579 1191 campo

252 1205 397 1244 Martio
430 1214 564 1256 saepta
597 1206 751 1244 tributis
784 1205 953 1244 comitiis
992 1219 1209 1244 marmorea
1243 1219 1378 1244 sumus
1410 1213 1447 1244 et
1477 1213 1580 1245 tecta

250 1270 387 1308 facturi
418 1284 543 1320 eaque
574 1270 776 1321 cingemus
808 1272 961 1309 excelsa
990 1270 1154 1321 porticu,
1181 1279 1224 1309 ut
1255 1270 1360 1309 mille
1391 1284 1578 1321 passuum

250 1336 488 1374 conficiatur.
538 1335 662 1374 Simul
678 1336 912 1387 adiungetur
931 1336 1023 1374 huic
1043 1336 1151 1386 operi
1167 1336 1258 1374 villa
1273 1336 1390 1375 etiam
1407 1336 1575 1386 publica.

252 1400 370 1439 Dices
412 1400 546 1449 ‘Quid
584 1401 680 1439 mihi
718 1403 795 1440 hoc
837 1409 1142 1439 monumentum
1187 1401 1410 1451 proderit?'
1477 1402 1577 1442 †Ad

193 1483 232 1505 κς)
251 1465 346 1515 quid
373 1465 413 1504 id
440 1467 662 1504 laboramus
688 1479 748 1504 res
776 1468 978 1504 Romanas
989 1471 1015 1505 1·.
1075 1467 1168 1505 Non
1198 1466 1305 1504 enim
1335 1474 1372 1504 te
1402 1474 1498 1516 puto
1527 1467 1577 1504 de

249 1533 370 1569 lustro
394 1532 503 1580 quod
529 1530 606 1568 iam
636 1532 887 1581 desperatum
916 1539 984 1577 est,
1016 1538 1083 1569 aut
1110 1531 1161 1569 de
1188 1529 1341 1569 iudiciis
1368 1544 1469 1581 quae
1493 1532 1577 1581 lege

248 1595 437 1636 †Coctia†
457 1596 552 1634 fiant
572 1609 767 1646 quaerere.

290 1705 454 1741 XVIII
573 1708 642 1740 δον.
664 1707 793 1739 Romae
806 1720 855 1740 ex.
873 1720 916 1740 m.
940 1707 1006 1739 Oct.
1027 1719 1058 1740 a.
1079 1718 1138 1748 700
1156 1708 1247 1750 (54).

661 1780 831 1811 CICERO
852 1780 1032 1811 ATTICO
1055 1779 1162 1812 SAL.

190 1868 228 1901 25
307 1854 330 1877 ’Ἀ
361 1854 384 1877 ⁴⁶
414 1854 438 1877 ’κ’
466 1854 611 1893 †Nunc
644 1860 687 1890 ut
719 1852 949 1902 opinionem
986 1853 1133 1891 habeas
1175 1856 1338 1899 rerum†,
1370 1854 1576 1892 ferendum
1595 1849 1731 1902 1(er.
1757 1851 1799 1902 9)

247 1926 314 1956 est.
376 1917 541 1966 Quaeris
575 1930 648 1967 ego
681 1930 745 1955 me
777 1924 820 1955 ut
850 1917 1045 1966 gesserim.
1107 1917 1344 1956 Constanter
1375 1926 1412 1956 et
1442 1919 1572 1958 libere.

290 2031 308 2059 3
324 2026 470 2052 muratos
499 2020 618 2051 Iunius
641 2021 769 2060 Tvrrell,
796 2021 983 2061 ingeniose:
1025 2021 1160 2051 miratos
1181 2021 1242 2052 M:
1275 2022 1422 2052 munitos
1444 2022 1571 2061 Esorl.

247 2069 341 2095 rvcte:
379 2066 528 2094 firmatos
557 2065 634 2095 coni.
654 2064 738 2094 Reid
869 2076 887 2103 4
912 2068 986 2094 ante
999 2065 1140 2095 molibus
1157 2064 1295 2096 addend.
1314 2066 1475 2095 montium
1494 2067 1572 2097 fom'.

246 2107 333 2138 Reid
356 2109 423 2139 coll.
449 2108 536 2138 Caes.
556 2108 595 2138 Β.
620 2108 656 2138 G.
677 2108 718 2138 iv.
739 2117 791 2145 23.
807 2116 827 2144 3
993 2109 1012 2137 8
1038 2113 1170 2138 texerat
1203 2108 1415 2148 lVesenbctg:
1449 2114 1518 2139 tex<
1531 2110 1573 2139 rit

249 2150 390 2181 CM121:
418 2151 502 2181 texit
520 2151 575 2180 M²
594 2161 600 2180 :
626 2151 734 2181 texuit
750 2151 879 2180 Baiter:
906 2157 1061 2181 erexerat
1079 2151 1199 2181 Klotz:
1227 2153 1343 2182 refecit
1358 2153 1443 2182 Boot
1454 2152 1575 2182 Msiller

249 2205 282 2225 11
304 2196 336 2224 in
350 2194 424 2225 add.
444 2195 561 2224 Rosius
642 2205 689 2233 19,
706 2205 747 2224 20
763 2194 807 2224 At
818 2195 898 2233 quid
911 2195 941 2224 id
954 2195 1165 2226 laboramus?
1193 2195 1310 2225 Habes
1322 2205 1374 2225 res
1387 2195 1575 2236 chscnbetg·

247 2239 366 2277 (habes
383 2238 452 2267 iam
469 2238 502 2267 in
521 2237 548 2266 L
568 2247 689 2277 ηυνξ.)
705 2249 711 2268 1
737 2237 839 2276 Atqui
858 2238 887 2267 id
907 2238 1096 2267 laboramus
1122 2242 1157 2267 ut
1178 2239 1304 2268 habeas
1323 2249 1376 2269 res
1394 2239 1471 2269 coni.
1489 2239 1575 2269 Boot

246 2292 285 2312 22
311 2281 440 2319 Coctia]
456 2281 564 2311 Plotia
582 2281 758 2310 Asrmsius
777 2292 784 2311 t
820 2281 937 2310 Clodia
954 2281 1089 2321 Lange:
1115 2281 1232 2311 Cincia
1249 2282 1373 2312 Scln'ilz
1388 2294 1393 2312 :
1430 2282 1572 2313 Aurelia

244 2325 387 2356 Ernesti:
415 2325 587 2355 Scantinia
605 2323 690 2353 Reid
776 2324 859 2354 fiunt
882 2323 1090 2364 [Vesenbetgz
1116 2324 1196 2354 fiant
1214 2325 1255 2354 Μ
1382 2336 1423 2365 25
1448 2331 1483 2356 ut
1502 2350 1509 2356 .
1530 2349 1538 2356 .
1558 2350 1567 2358 .

245 2368 372 2397 rerum*
393 2372 428 2398 ut
447 2367 624 2398 Gabinium
644 2367 767 2397 habeas
793 2377 885 2397 reum
904 2366 1116 2406 Malaspina:
1142 2372 1218 2397 utut
1243 2369 1440 2407 opinionem
1466 2369 1571 2400 habes

245 2421 353 2441 rerum
372 2410 500 2451 Kayser
514 2422 521 2441 ε
535 2411 616 2450 sort.
637 2415 672 2440 ut
686 2410 883 2449 opinionem
901 2420 1009 2441 meam
1027 2411 1153 2441 habeas
1171 2421 1284 2441 rerum
