1817 2832
681 69 793 106 EPP.
825 69 902 106 AD
932 69 1191 107 ATTICVM
1477 70 1595 106 VIII.
1619 68 1662 105 iii

269 181 319 219 ad
354 194 473 231 quern
507 194 597 219 cum
636 194 762 220 essem
797 182 1004 231 profectus,
1040 179 1207 231 cognovi
1237 180 1277 218 in
1311 179 1356 218 iis
1383 179 1478 219 locis
1510 193 1594 218 esse

269 248 492 295 Caesarem,
520 256 561 286 ut
595 255 680 286 tuto
712 247 917 285 Luceriam
949 246 1080 285 venire
1118 260 1198 285 non
1230 260 1398 296 possem.
1463 247 1594 284 Infero

269 311 364 349 mari
394 312 508 350 nobis
541 312 689 350 incerto
721 326 835 350 cursu
868 311 997 349 hieme
1029 311 1197 349 maxima
1229 311 1491 360 navigandum
1523 318 1591 349 est.

268 378 353 426 Age
381 377 468 424 iam,
492 391 580 415 cum
610 378 723 414 fratre
749 390 798 414 an
826 376 909 414 sine
939 390 986 414 eo
1014 390 1102 414 cum
1133 376 1242 414 filio?
1274 383 1312 413 at
1338 389 1416 425 quo
1444 377 1594 413 modo?

232 454 249 486 5
271 442 318 478 In
348 450 511 491 utraque
540 441 645 479 enim
676 455 715 479 re
745 454 899 478 summa
928 441 1134 478 difficultas
1165 440 1244 486 erit,
1268 453 1445 477 summus
1471 439 1594 477 animi

269 506 405 553 dolor3
443 505 509 555 qui
543 515 675 544 autem
706 505 875 554 impetus
907 504 1008 542 illius
1040 505 1109 542 erit
1141 504 1180 541 in
1212 518 1284 542 nos
1315 503 1488 542 absentis
1522 505 1594 541 for-

269 578 463 620 tunasque
492 578 642 608 nostras
660 573 666 607 1
705 569 842 607 Acrior
863 583 979 618 quam
1002 568 1041 606 in
1062 578 1292 614 ceterorum,
1310 569 1418 618 quod
1438 568 1592 618 putabit

269 635 430 672 fortasse
450 634 489 672 in
510 634 627 672 nobis
645 634 838 672 violandis
858 633 1007 683 aliquid
1029 647 1069 671 se
1090 634 1234 671 habere
1254 634 1452 683 populare.
1506 635 1592 683 Age

268 699 356 745 iam,
380 701 449 737 has
476 700 700 749 compedes,
723 698 850 745 fascis,
871 698 1046 747 inquam,
1067 699 1138 736 hos
1159 699 1351 735 laureatos
1378 699 1521 735 ecferre
1545 711 1592 736 ex

212 779 250 800 ιε)
271 764 380 802 Italia
401 778 516 814 quam
540 765 749 802 molestum
770 766 850 801 est!
878 763 945 812 qui
965 771 1096 801 autem
1117 764 1226 801 locus
1247 762 1317 800 erit
1338 762 1452 800 nobis
1473 770 1588 810 tutus,

270 838 310 866 ut
332 829 407 866 iam
429 829 589 878 placatis
616 837 771 866 utamur
800 828 993 875 fluctibus,
1016 836 1107 866 ante
1128 841 1246 877 quam
1272 829 1322 865 ad
1350 827 1456 864 illum
1480 840 1592 865 vene-

268 893 417 930 rimus?
465 895 555 942 Qua
580 901 711 931 autern
741 901 807 930 aut
831 906 911 942 quo
940 892 1036 930 nihil
1066 892 1220 930 scimus.
1280 894 1333 930 At
1360 891 1390 930 si
1417 892 1633 930 restiter06

268 967 305 996 et
341 957 454 996 fuerit
485 957 599 996 nobis
634 957 673 994 in
708 958 781 995 hac
814 965 923 1007 parte
957 958 1077 1003 locus,
1110 956 1215 995 idem
1250 958 1379 994 fecero
1410 958 1518 1006 quod
1553 956 1593 994 in

270 1022 422 1061 Cinnae
456 1021 727 1060 dominatione
753 1023 798 1059 L.
830 1021 1047 1071 Philippus,
1072 1023 1180 1071 quod
1210 1023 1253 1059 L.
1287 1023 1460 1068 Flaccus,
1485 1022 1593 1071 quod

213 1101 248 1132 15
270 1088 317 1135 Q.
344 1086 511 1132 Mucius,
535 1100 698 1136 quoquo
725 1087 847 1124 modo
873 1100 919 1124 ea
942 1100 1001 1124 res
1026 1086 1117 1124 huic
1141 1086 1302 1136 quidem
1330 1086 1496 1133 cecidit3
1527 1085 1594 1135 qui

268 1160 401 1189 tamen
436 1151 488 1189 ita
522 1151 652 1189 dicere
685 1151 837 1189 solebat
876 1164 917 1188 se
956 1150 995 1188 id
1030 1152 1111 1188 fore
1142 1151 1273 1188 videre
1305 1151 1413 1200 quod
1447 1152 1593 1188 factum

269 1224 327 1255 est
356 1217 425 1254 sed
454 1218 568 1254 malle
593 1230 710 1265 quam
738 1223 929 1254 armatum
956 1217 1006 1253 ad
1034 1215 1180 1265 patriae
1210 1215 1367 1254 moenia
1392 1217 1591 1254 accedere.

268 1281 392 1319 Aliter
411 1281 679 1330 Thrasybulus
706 1288 744 1319 et
771 1282 932 1319 fortasse
960 1280 1109 1318 melius.
1170 1281 1249 1318 Sed
1273 1288 1330 1318 est
1355 1288 1458 1319 certa
1478 1294 1594 1330 quae-

267 1347 359 1384 dam
387 1346 451 1383 illa
474 1345 582 1383 Muci
610 1345 707 1384 ratio
733 1354 850 1395 atque
877 1345 1080 1392 sententia,
1104 1353 1161 1383 est
1182 1345 1246 1382 illa
1269 1345 1386 1383 etiam
1408 1344 1588 1394 Philippi,

210 1426 250 1447 20
269 1418 306 1448 et
326 1424 416 1448 cum
444 1410 491 1448 sit
518 1424 679 1448 necesse
705 1410 845 1448 servire
872 1409 1039 1459 tempori
1066 1418 1104 1448 et
1131 1424 1210 1448 non
1237 1410 1414 1447 amittere
1435 1417 1590 1459 ternpus

268 1489 358 1513 cum
379 1474 427 1512 sit
447 1476 594 1513 datum.
654 1476 731 1513 Sed
753 1475 792 1512 in
813 1476 888 1512 hoc
910 1475 996 1524 ipso
1020 1475 1167 1512 habent
1188 1482 1319 1512 tamen
1341 1474 1445 1512 idem
1467 1475 1591 1511 fasces

268 1539 498 1578 molestiam.
559 1539 615 1578 Sit
635 1539 740 1577 enim
766 1539 879 1578 nobis
906 1539 1066 1586 amicus,
1090 1541 1198 1589 quod
1219 1539 1410 1577 incertum
1431 1546 1499 1584 est,
1522 1539 1593 1576 sed

266 1604 338 1652 sit3
379 1606 526 1642 deferet
561 1604 814 1653 triumphum.
874 1606 992 1644 †Non
1031 1604 1208 1654 accipere
1246 1617 1295 1642 ne
1329 1604 1593 1653 periculosum

267 1670 351 1717 sit‚†
391 1669 628 1708 invidiosum
667 1670 718 1708 ad
757 1669 895 1708 bonos.
954 1669 1019 1707 ‘O
1053 1670 1158 1706 rem'
1197 1668 1327 1718 inquis
1369 1668 1592 1706 ‘difficilem

210 1747 247 1778 25
267 1742 305 1772 et
343 1734 703 1784 inexplicabileml'
753 1734 876 1784 Atqui
917 1733 1148 1783 explicanda
1196 1741 1264 1771 est.
1336 1733 1444 1781 Quid
1487 1732 1592 1770 enim

268 1798 349 1836 fieri
383 1800 540 1848 potest?
587 1801 646 1836 Ac
685 1812 735 1837 ne
773 1812 836 1836 me
874 1798 1103 1836 existimaris
1141 1798 1193 1835 ad
1232 1799 1473 1836 manendum
1508 1811 1593 1836 esse

267 1862 561 1912 propensiorem
601 1864 708 1912 quod
746 1864 857 1912 plura
890 1862 930 1900 in
965 1876 1051 1900 eam
1086 1870 1236 1912 partem
1269 1862 1388 1900 verba
1420 1861 1594 1909 fecerim,

310 1977 329 2004 4
354 1967 428 1996 sine
447 1977 486 1996 eo
513 1966 688 2004 Hosmann
704 1978 711 1996 z
735 1967 808 1997 sine
826 1971 859 1996 et
875 1965 925 1996 vc]
938 1966 965 1996 si
984 1976 1046 1996 nec
1069 1966 1154 1996 codd.
1259 1971 1293 1997 at
1320 1965 1524 1996 Gronov-‘nxz
1548 1976 1591 1996 an

267 2009 355 2040 codd.
372 2021 378 2039 :
403 2014 459 2040 aut
476 2009 590 2039 codm‘s
606 2009 815 2049 Mala-spinae
927 2020 946 2048 9
971 2010 1099 2039 ecferre
1120 2009 1256 2047 sywell:
1283 2010 1344 2039 hec
1362 2010 1410 2038 vel
1424 2009 1487 2039 hoc
1505 2009 1591 2038 serre

267 2052 357 2082 codd.
452 2063 488 2082 12
511 2053 634 2082 scimus
650 2053 720 2082 edd.
735 2054 894 2092 plerique:
920 2053 1066 2082 sciemus
1084 2052 1183 2091 codd„
1200 2054 1237 2091 cf.
1253 2063 1280 2083 v.
1306 2063 1350 2089 14.
1373 2063 1392 2090 3
1496 2062 1531 2090 14
1551 2052 1587 2082 L.

268 2095 343 2126 add.
367 2094 482 2125 Lamb.
588 2097 625 2125 18
650 2102 740 2126 certa
752 2096 930 2125 Ascensius
947 2095 1010 2125 (ed.
1029 2101 1061 2124 2'*
1084 2095 1170 2126 Crat.
1187 2107 1193 2125 :
1217 2100 1309 2125 certe
1328 2096 1355 2125 C
1369 2094 1456 2126 codd.
1553 2105 1591 2133 19

270 2139 414 2177 Philippi
442 2139 510 2169 secl.
526 2139 593 2169 cdd.
608 2143 737 2168 recentes
750 2143 876 2178 praster
892 2139 1125 2169 Lelzmcmnum
1215 2149 1265 2177 23.
1283 2149 1323 2177 24
1342 2138 1417 2168 Non
1435 2139 1590 2177 accipere

269 2182 328 2222 ne]
356 2182 429 2211 Non
456 2183 611 2221 accipere
636 2183 859 2221 periculosum
886 2188 936 2211 est
958 2183 999 2211 ab
1017 2182 1079 2211 boc
1097 2181 1161 2211 1vel
1182 2183 1271 2220 apud
1298 2182 1413 2218 hunc}5
1435 2183 1590 2220 accipere

269 2236 312 2255 ne
332 2224 528 2262 Leltmamz;
549 2231 610 2265 pro
633 2236 675 2254 ne
700 2236 773 2254 cnm
798 2227 830 2255 vi
851 2225 1027 2254 concessiva
1048 2224 1085 2264 cs
1112 2224 1202 2254 Tusc.
1226 2226 1258 2255 ii.
1288 2235 1333 2263 14,
1359 2226 1399 2255 iv.
1417 2235 1479 2263 39:
1512 2225 1589 2254 Non

268 2269 433 2306 accipere.
457 2279 578 2298 vereor
596 2269 659 2298 svel
672 2269 762 2307 vide)
782 2278 823 2298 ne
841 2268 1066 2307 periculosum
1087 2269 1139 2305 sit,
1160 2269 1311 2307 accipere
1330 2269 1529 2298 invidiosum
1548 2268 1590 2298 ad

269 2312 374 2341 bonos
397 2312 586 2352 H'escnberg
600 2311 722 2341 Maller
874 2322 914 2349 25
940 2311 1029 2349 Quid
1053 2311 1173 2342 Klots:
1207 2312 1261 2350 qui
1279 2312 1368 2343 codd.
1483 2311 1589 2352 enim]

269 2361 379 2386 autem
401 2355 502 2385 Orelli
587 2355 667 2385 ferri
686 2357 774 2396 (cum
790 2355 860 2395 qui)
890 2354 974 2385 Reid

0 2735 1817 2832 l-———
