1790 2837
159 135 190 172 1.
213 134 292 171 xiv
527 134 584 171 M.
617 133 787 170 TVLLI
818 133 1128 172 CICERONIS

202 243 447 282 Aristarchus
479 257 531 291 es,
564 244 674 281 soleo
704 241 878 292 pingere,
908 243 959 281 de
990 244 1162 292 flamma,
1192 244 1243 282 de
1276 244 1377 281 ferro
1406 241 1527 291 (nosti

200 308 284 346 illas
315 307 525 358 ληκύθους),
559 308 673 345 valde
704 307 869 356 graviter
901 307 1104 357 pertexuit.
1178 307 1382 347 Proximus
1413 310 1528 346 Pom-

201 373 332 423 peium
354 374 553 411 sedebam.
615 372 796 411 Intellexi
825 373 1030 410 hominem
1058 373 1206 412 moveri
1227 371 1396 425 [verum]
1418 375 1529 413 Cras-

201 451 287 475 sum
319 438 415 476 inire
446 451 533 476 eam
562 437 724 487 gratiam
752 451 872 487 quam
896 437 980 487 ipse
1006 437 1337 488 praetermisisset,
1364 452 1416 476 an
1442 452 1528 477 esse

201 511 328 541 tantas
355 516 414 541 res
442 510 594 541 nostras
624 516 725 552 quae
755 510 835 540 tam
862 502 1001 540 libenti
1028 510 1168 540 senatu
1193 503 1456 549 laudarentur,
1477 503 1528 540 ab

202 581 249 606 eo
287 568 513 618 praesertim
553 567 621 617 qui
654 567 750 606 mihi
785 569 944 606 laudem
983 567 1090 605 illam
1125 580 1174 605 eo
1208 566 1530 605 minusdeberet

202 634 310 682 quod
332 632 429 671 meis
456 632 642 671 omnibus
666 632 802 671 litteris
832 632 873 670 in
898 632 1143 681 Pompeiana
1168 633 1286 669 laude
1305 631 1529 681 perstrictus

154 712 181 749 4
201 705 313 736 esset.
374 697 454 736 Hic
474 698 558 736 dies
579 711 643 736 me
663 699 778 736 valde
799 699 943 737 Crasso
963 696 1155 744 adiunxit,
1175 704 1214 735 et
1240 704 1374 734 tamen
1393 696 1444 734 ab
1463 695 1530 734 illo

201 771 334 813 aperte
372 770 474 802 tecte
512 762 703 813 quicquid
741 770 800 801 est
838 765 989 810 datum,
1020 762 1188 800 libenter
1225 761 1371 811 accepi.
1445 762 1531 811 Ego

200 836 335 866 autem
357 828 451 878 ipse,
475 828 516 867 di
536 827 632 866 boni
653 830 659 866 1
690 841 770 878 quo
796 829 919 866 modo
946 828 1312 878 ἐνεπερπερευσοὶμην
1337 840 1442 865 novo
1467 840 1530 865 au-

201 893 318 932 ditori
352 893 568 944 Pompeio!
626 892 667 932 Sl
697 907 888 943 umquam
921 893 1018 931 mihi
1046 894 1218 943 περίοδοι,
1251 892 1283 931 Si
1315 892 1465 942 καμπαί,
1499 891 1533 930 Si

201 959 452 1009 ἐνθυμήματα,
490 957 522 996 Si
562 959 786 996 Κατασκευαὶ
833 948 1194 1008 suppeditaverljnt‚
1231 957 1298 996 illo
1341 965 1528 1007 tempOl‘e.

201 1024 311 1073 Quid
350 1025 501 1061 multa?
540 1025 741 1062 clamores.
807 1023 966 1062 Etenim
1005 1025 1103 1062 haec
1141 1031 1223 1062 erat
1260 1023 1444 1069 ὑπόθεσις,
1481 1023 1532 1061 de

200 1089 387 1140 gravitate
426 1089 583 1136 ordinis,
622 1091 672 1128 de
710 1088 881 1139 equestri
920 1088 1144 1136 concordia,
1181 1090 1231 1127 de
1270 1087 1532 1127 consensione

202 1154 349 1202 Italiae,
382 1155 433 1193 de
462 1153 728 1192 intermortuis
760 1153 933 1203 reliquiis
965 1153 1258 1201 coniurationis,
1291 1154 1341 1191 de
1371 1152 1528 1199 vilitate,

201 1221 251 1258 de
271 1219 363 1258 otio.
423 1218 569 1258 Nosti'
561 1233 638 1257 lam
666 1218 706 1256 in
733 1219 807 1257 hac
832 1218 996 1257 materia
1015 1218 1166 1257 sonitus
1187 1226 1352 1257 nostros.
1412 1216 1532 1255 Tanti

200 1286 358 1322 fuerunt
378 1291 421 1322 ut
445 1297 519 1334 ego
546 1297 594 1322 eo
618 1282 774 1322 brevior
798 1282 874 1321 sim
900 1283 1011 1333 quod
1039 1296 1108 1322 eos
1138 1296 1265 1359 usque
1285 1282 1400 1321 istinc
1420 1295 1533 1320 exau-

201 1348 304 1387 ditos
325 1356 471 1399 putem.

157 1431 182 1470 5
256 1416 463 1452 Romanae
500 1422 634 1452 autem
673 1427 714 1452 se
752 1426 812 1451 res
851 1412 907 1451 sic
949 1413 1109 1451 habent.
1188 1414 1356 1451 Senatus
1387 1411 1534 1462 ’Ἄρειος

200 1481 345 1532 πάγος;
373 1479 470 1517 nihil
497 1478 752 1526 constantius,
775 1478 873 1516 nihil
898 1478 1082 1526 severius,
1103 1477 1200 1516 nihil
1220 1477 1367 1516 fortius.
1427 1478 1532 1515 Nam

201 1559 293 1584 eum
323 1545 407 1583 dies
432 1544 603 1582 venisset
633 1543 826 1593 rogationi
856 1557 903 1582 ex
932 1551 1092 1582 senatus
1121 1544 1304 1605 consulto
1334 1543 1529 1589 ferendae,

201 1610 491 1649 concursabant
525 1608 720 1647 barbatuli
752 1608 927 1655 iuvenes,
962 1616 1068 1646 totus
1102 1607 1166 1667 ille
1199 1599 1291 1657 grex
1325 1607 1532 1655 Catilinae,

202 1676 304 1713 duce
338 1674 457 1712 filiola
487 1673 685 1712 Curionis
716 1682 754 1711 et
786 1674 977 1723 populum
1006 1680 1048 1710 ut
1078 1672 1300 1722 antiquaret
1329 1672 1529 1721 rogabant.

203 1739 295 1777 Piso
332 1746 465 1776 autem
504 1739 643 1776 consul
681 1739 780 1775 lator
819 1736 1033 1791 rogationis
1065 1736 1171 1774 idem
1207 1744 1287 1774 erat
1322 1736 1530 1775 dissuasor.

203 1805 357 1854 Operae
385 1803 603 1842 Clodianae
632 1802 764 1852 pontis
795 1809 1048 1852 occuparant,
1069 1802 1235 1840 tabellae
1263 1801 1534 1839 ministraban-
1555 1815 1568 1834 2

202 1877 264 1908 tur
294 1868 347 1906 ita
381 1876 423 1906 ut
456 1869 564 1906 nulla
593 1869 751 1906 daretur
780 1869 871 1904 ‘VTI
905 1868 1061 1905 RooAs.'
1120 1866 1202 1905 Hic
1231 1866 1302 1904 tibi
1336 1867 1377 1904 in
1411 1874 1534 1905 rostra

245 1984 265 2003 2
291 1972 467 2002 Proximus
494 1971 692 2010 Pompeium
719 1970 894 2000 Diomedes
911 1975 944 2011 p.
966 1981 1040 2008 410.
1071 1980 1088 2009 7
1113 1969 1158 2000 ed.
1174 1969 1256 2008 Keil,
1277 1970 1313 2008 cf
1342 1970 1414 2000 Tac.
1435 1969 1530 2002 Ann-

202 2028 255 2048 xv.
280 2026 328 2054 15.
348 2017 387 2045 6:
415 2016 567 2054 proxime
589 2015 786 2053 Pompeium
803 2014 833 2043 Z
854 2025 893 2043 cx
917 2025 1023 2043 mmm
1051 2014 1246 2044 ‘correctom's
1261 2024 1316 2043 scu
1336 2013 1448 2053 potius
1470 2023 1534 2043 cor-

204 2058 539 2100 vztpt01·z's’(.'iLamb
556 2071 562 2089 :
599 2059 775 2088 Proximus
803 2058 966 2096 Pompeio
993 2055 1035 2086 M
1171 2067 1191 2096 3
1215 2067 1331 2087 xerum
1358 2056 1398 2085 M
1422 2057 1507 2087 Rav
1527 2067 1534 2087 :

203 2109 312 2134 utrum
331 2102 389 2132 M
386 2112 508 2143 mmg.
524 2112 552 2132 ιε
576 2102 644 2132 sed.
671 2100 859 2141 Wesenberg
874 2100 1106 2140 Macnaalzten,
1125 2100 1220 2130 bene:
1244 2105 1354 2130 utrum
1378 2100 1535 2131 crederet

207 2147 331 2177 Vahlen
466 2156 482 2184 7
502 2149 579 2185 post
594 2146 678 2175 meis
695 2144 767 2175 add.
787 2144 996 2174 orationibus
1015 2144 1113 2174 Rom.
1139 2143 1259 2183 Tyrrell
1359 2153 1380 2182 9
1403 2148 1530 2182 aperte,

205 2195 294 2221 tecte
313 2189 437 2219 ΜίὶΙΙιν
569 2199 604 2219 11
631 2200 747 2226 namma
774 2188 916 2218 Eosnts:
941 2188 1050 2225 καρποὶ
1076 2187 1188 2218 codd.:
1222 2186 1311 2217 τόποι
1329 2187 1408 2217 coni.
1430 2186 1534 2217 Rezd:

195 2237 275 2273 som
297 2246 333 2263 κο
319 2245 393 2263 ιιοι
413 2231 512 2263 τόποι.
620 2242 657 2261 12
683 2230 886 2267 κατασκευαί,
904 2232 1107 2270 suppeditax
1111 2235 1209 2260 erunt
1226 2230 1343 2261 Klots:
1370 2242 1438 2260 κατ.
1456 2240 1534 2269 sup-

205 2278 455 2317 peditaxcrunt
490 2276 793 2314 suppeditaverunt
821 2285 897 2305 som.
933 2274 1053 2305 Tvmll
1240 2284 1277 2313 15
1303 2274 1535 2304 intermortuis

206 2318 637 2351 Lmnb.i1nm0rtuisM
767 2319 896 2349 vilitate
920 2317 1006 2358 vulg.
1026 2329 1032 2348 :
1071 2317 1216 2348 utilitate
1241 2318 1281 2347 M
1433 2317 1476 2347 26
1500 2317 1534 2346 in

206 2364 281 2394 add.
305 2362 493 2403 Wescnbetg
508 2362 630 2392 ΛΙιὶΙΙεν

1553 842 1590 864 10

1554 1490 1594 1512 20

1766 38 1779 76 “nr
1770 6 1777 18 ι’

1766 266 1779 535 -ἳορνπ-μ-,σ--τῑψη
1769 228 1772 234 .
1776 201 1779 207 -
