1817 2832
278 194 347 235 IV.
371 196 401 233 ii
725 193 788 230 M.
820 191 989 229 TVLLI
1020 190 1327 230 CICERONIS

364 306 481 346 etiam
516 303 724 355 profuisset
740 317 750 351 3
784 316 919 341 verum
942 302 1072 349 iidem,
1103 301 1157 339 mi
1186 304 1231 340 T.
1256 301 1462 352 Pomponi,
1487 302 1604 340 iidem
1637 301 1692 339 in-

361 385 480 422 quam
520 370 573 408 illi
612 382 712 419 quos
752 382 802 407 ne
841 376 882 406 tu
917 367 1079 418 quidem
1118 367 1272 418 ignoras
1311 367 1378 417 qui
1416 367 1512 405 mihi
1551 367 1691 417 pinnas

362 436 581 475 inciderant
601 436 741 473 nolunt
771 434 931 472 easdem
961 432 1122 471 renasci.
1182 433 1270 478 Sed,
1303 439 1346 470 ut
1375 445 1501 482 spero,
1531 432 1608 470 iam
1639 445 1693 470 re-

362 509 587 540 nascuntur.
646 502 710 538 Tu
731 500 853 538 modo
873 499 924 537 ad
949 512 1022 536 nos
1042 497 1133 536 veni
1150 512 1160 545 ,·
1190 498 1298 547 quod
1319 511 1454 535 vereor
1474 511 1523 535 ne
1544 497 1691 535 tardius

363 567 583 605 interventu
604 565 791 604 Varronis
813 564 868 602 tui
890 563 1092 613 nostrique
1112 562 1244 601 facias.
1713 574 1730 605 5

315 633 343 670 6
419 631 621 681 Quoniam
650 638 738 669 acta
766 643 867 679 quae
892 629 968 667 sint
992 629 1126 675 habes,
1150 629 1199 666 de
1225 627 1374 676 reliqua
1400 634 1532 665 nostra
1552 627 1693 676 cogita-

363 697 470 736 tione
501 709 708 746 cognosce.
778 697 863 744 Ego
884 708 947 732 me
974 708 997 732 a
1025 693 1217 742 Pompeio
1238 692 1355 742 legari
1376 692 1429 730 ita
1449 705 1535 730 sum
1556 706 1693 742 passus

360 769 403 800 ut
433 763 540 800 nulla
570 775 610 799 re
640 759 859 810 impedirer.
921 760 1042 808 Quod
1072 758 1147 796 nisi
1176 759 1317 796 vellem
1348 757 1444 795 mihi
1468 765 1570 795 esset
1600 757 1694 796 inte-

362 841 474 877 grum
506 834 558 873 ut,
591 826 622 864 si
650 825 810 864 comitia
839 838 1048 863 censorum
1080 823 1245 874 proximi
1277 824 1459 861 consules
1490 823 1690 870 haberent,

362 899 495 942 petere
529 905 700 942 possem,
736 890 908 929 votivam
940 889 1177 940 legationem
1213 888 1467 938 sumpsissem
1502 901 1625 938 prope
1656 902 1694 927 o-
1715 899 1753 921 10

364 956 515 995 mnium
533 958 725 1003 fanorum,
741 957 920 994 lucorum
936 969 946 1002 3
971 954 1027 993 sic
1043 954 1149 992 enirn
1164 961 1319 992 nostrae
1333 953 1502 991 rationes
1518 953 1694 992 utilitatis

362 1035 474 1060 meae
502 1022 767 1071 postulabant.
840 1021 918 1059 Sed
949 1019 1056 1057 volui
1086 1032 1216 1057 meam
1250 1026 1488 1069 potestatem
1520 1032 1605 1057 esse
1634 1020 1695 1058 vel

363 1086 525 1137 petendi
554 1088 615 1125 vel
645 1086 807 1124 ineunte
835 1092 983 1124 aestate
1008 1084 1178 1123 exeundi
1205 1092 1243 1122 et
1270 1084 1418 1123 interea
1444 1097 1508 1122 me
1539 1097 1623 1122 esse
1655 1084 1695 1122 in

364 1152 488 1190 oculis
537 1151 680 1190 civium
730 1152 781 1189 de
822 1164 885 1189 me
930 1150 1080 1200 optime
1128 1149 1357 1188 meritorum
1401 1163 1483 1188 non
1521 1149 1694 1187 alienum

364 1217 508 1267 putavi.
1719 1224 1753 1256 ¹5

320 1289 344 1329 7
419 1285 478 1320 Ac
508 1282 722 1320 forensium
754 1280 916 1331 quidem
946 1294 1075 1318 rerum
1107 1282 1206 1319 haec
1236 1287 1369 1318 nostra
1398 1279 1562 1318 consilia
1591 1288 1693 1328 sunt,

364 1347 671 1386 domesticarum
700 1354 833 1384 autem
863 1347 978 1384 valde
1007 1345 1208 1395 impedita.
1270 1347 1425 1383 Domus
1453 1345 1693 1391 aedificatur,

362 1413 438 1451 scis
468 1426 548 1462 quo
578 1419 749 1462 sumptu,
773 1425 851 1462 qua
872 1411 1076 1459 molestia3
1106 1411 1276 1449 reficitur
1298 1410 1564 1458 Formianum,
1587 1412 1696 1461 quod

362 1492 435 1528 ego
466 1492 540 1516 nec
572 1477 791 1527 relinquere
824 1491 986 1527 possum
1019 1490 1093 1515 nec
1123 1476 1255 1514 videre
1270 1490 1281 1523 3
1309 1477 1580 1514 Tusculanum
1612 1490 1696 1527 pro-

362 1543 523 1593 scripsi;
552 1543 780 1581 suburbano
807 1542 920 1580 facile
949 1555 1073 1580 careo.
1133 1541 1364 1579 Amicorum
1386 1541 1606 1590 benignitas
1636 1556 1695 1580 ex-
1717 1553 1756 1575 20

362 1611 502 1647 hausta
523 1616 580 1647 est
602 1609 641 1646 in
667 1622 713 1647 ea
738 1622 779 1647 re
806 1622 908 1658 quae
929 1607 1025 1645 nihil
1047 1607 1184 1645 habuit
1206 1614 1358 1657 praeter
1378 1607 1564 1654 dedecus,
1587 1609 1696 1657 quod

363 1674 517 1712 sensisti
550 1682 591 1711 tu
623 1674 767 1712 absens
798 1687 865 1711 νιος
893 1680 1145 1723 praesente53
1184 1686 1352 1722 quorum
1387 1672 1526 1710 studiis
1556 1686 1629 1722 ego
1658 1681 1697 1711 et

364 1738 501 1788 copiiS,
533 1738 564 1775 si
599 1745 702 1776 esset
733 1751 802 1788 per
832 1751 941 1776 meos
975 1739 1201 1776 defensores
1234 1736 1397 1784 licitum,
1427 1737 1540 1775 facile
1569 1752 1696 1776 essem

364 1803 499 1842 omnia
526 1810 773 1841 consecutus.
833 1804 926 1852 Quo
952 1802 992 1840 in
1016 1816 1157 1852 genere
1184 1816 1290 1840 nunc
1310 1803 1563 1841 vehementer
1592 1804 1697 1842 labo-

364 1876 478 1906 ratur.
538 1869 679 1907 Cetera
703 1881 804 1917 quae
828 1881 891 1905 me
916 1867 1126 1905 sollicitant
1145 1868 1400 1917 μυστικώτερα
1420 1875 1520 1905 sunt.
1580 1870 1697 1907 Ama-
1717 1883 1754 1915 ²5

365 1947 452 1972 mur
471 1947 494 1971 a
514 1934 628 1971 fratre
649 1940 686 1971 et
706 1947 730 1971 a
749 1932 837 1971 filia.
903 1935 953 1970 Te
979 1940 1262 1982 exspectamus.

411 2048 429 2076 7
453 2049 471 2068 a
498 2048 564 2068 om.
586 2036 734 2077 Madwjg,
752 2036 810 2066 sed
829 2037 868 2077 cf.
888 2037 951 2067 xiv.
973 2047 1020 2076 13.
1041 2049 1060 2077 4
1236 2048 1257 2077 9
1280 2042 1326 2071 ut.
1346 2038 1374 2069 si
1403 2038 1603 2078 Hofmann:
1637 2044 1695 2069 aut

366 2081 394 2112 si
412 2081 498 2111 codd.
623 2091 663 2111 10
687 2091 820 2120 possem
837 2081 874 2113 l:
901 2087 1042 2121 possent
1059 2080 1146 2113 codd.
1240 2082 1459 2121 sumpsissem
1480 2082 1697 2113 CAsccnsins

368 2124 430 2158 (ed.
453 2125 506 2163 1):
530 2125 715 2163 sumpsisse
733 2124 821 2154 codd.
936 2125 1059 2163 prope]
1079 2135 1139 2164 pro
1157 2135 1187 2164 p.
1208 2124 1248 2155 R.
1270 2126 1408 2166 (populo
1425 2126 1595 2160 Romano)
1615 2125 1692 2156 coni.

369 2168 486 2198 Orelli:
513 2178 544 2208 p.
568 2168 608 2199 R.
629 2168 856 2198 communium
874 2167 1068 2208 Slernkopf:
1094 2179 1200 2208 prope
1219 2193 1225 2199 .
1248 2193 1254 2199 .
1277 2193 1284 2199 .
1306 2169 1455 2199 lucorum
1472 2170 1538 2201 secl.
1557 2169 1692 2203 Ernesti,

366 2216 479 2241 temere
614 2222 647 2241 11
676 2213 825 2242 lucorum
845 2212 967 2241 Rosius
986 2223 992 2241 :
1018 2213 1168 2242 locorum
1185 2211 1273 2242 codd.
1377 2213 1530 2243 utilitatis
1548 2223 1643 2243 meae
1661 2211 1701 2242 H

365 2253 559 2295 Slcrnkops:
584 2255 743 2285 utilitates
756 2266 850 2285 meae
862 2255 950 2285 codd.
967 2255 1156 2295 praelat-H:
1173 2257 1241 2286 scel.
1255 2256 1370 2286 Baiter
1458 2258 1496 2286 18
1520 2257 1673 2286 molestia
1689 2267 1696 2286 τ

367 2298 517 2328 reficitur
534 2297 628 2329 Man.
649 2311 655 2329 :
682 2299 836 2329 molestia
854 2299 1024 2329 reficiatur
1040 2299 1130 2329 codd.
1142 2300 1231 2339 vulg.
1348 2311 1389 2330 ρο
1415 2299 1512 2330 facile
1529 2299 1581 2329 M¹
1597 2311 1603 2329 :
1630 2310 1695 2329 non

368 2342 466 2371 facilc
485 2340 541 2370 M²
557 2346 586 2372 et
602 2343 690 2373 ceteri
702 2342 788 2372 codd.
808 2353 814 2371 :
841 2346 916 2372 ante
931 2343 1124 2373 suburbano
1151 2343 1226 2374 add.
1247 2343 1309 2374 etsi
1326 2343 1456 2383 Kayser
1570 2353 1610 2372 22
1636 2352 1697 2373 nos

368 2385 444 2416 add.
466 2385 606 2426 Madvig
715 2391 913 2425 praesentes
940 2385 1019 2417 odd.
1036 2397 1043 2417 :
1067 2396 1230 2425 praesens
1249 2386 1450 2418 Gronovius:
1468 2396 1696 2426 praesensque

369 2428 560 2469 Alalaspina
687 2431 729 2459 26
753 2430 800 2459 Te
818 2429 892 2460 add.
913 2428 1006 2460 Man.
