1817 2832
189 117 261 155 VI.
279 117 324 154 iii
652 117 709 154 M.
741 115 911 153 TVLLI
942 113 1250 154 CICERONIS

286 229 478 279 putabant
504 226 725 277 oportuisse
750 225 817 276 qui
841 226 1004 264 aderant
1029 238 1093 263 me
1112 239 1195 264 non
1219 224 1434 264 instituisse
1460 224 1505 263 iis
1526 225 1618 264 dare

243 304 267 342 7
287 293 433 331 cibaria
453 305 622 342 quorum
643 304 763 341 opera
783 304 864 328 non
881 304 1008 328 essem
1029 303 1133 328 usus.
1177 289 1288 328 Abiit
1308 289 1437 328 iratus.
1485 289 1618 327 Huius

287 356 495 396 nebulonis
527 355 705 394 oratione
739 354 770 393 si
810 357 954 393 Brutus
993 353 1141 393 moveri
1178 361 1320 404 potest,
1355 354 1488 393 licebit
1527 368 1619 393 eum

286 424 391 461 solus
426 435 544 470 ames,
579 435 643 460 me
680 422 881 460 aemulum
913 434 995 459 non
1028 419 1205 459 habebis.
1266 420 1345 459 Sed
1378 419 1487 458 illum
1526 433 1618 458 eum

285 488 458 525 futurum
490 500 576 525 esse
609 493 707 536 puto
738 486 806 536 qui
840 499 926 524 esse
960 486 1091 524 debet.
1164 485 1258 524 Tibi
1291 492 1425 523 tamen
1458 499 1618 523 causam
1637 494 1656 527 5

284 560 420 591 notam
441 566 526 591 esse
546 551 653 590 volui
673 559 711 590 et
731 552 782 590 ad
803 550 932 600 ipsum
960 552 1060 590 haec
1079 550 1285 600 perscripsi
1306 549 1614 600 diligentissime.

284 617 461 657 Omnino
493 617 582 668 (soli
612 616 718 655 enim
749 616 901 667 sumus)
923 617 1050 654 nullas
1080 629 1271 665 umquam
1300 617 1352 655 ad
1382 629 1446 654 me
1472 615 1617 653 litteras

283 683 387 721 misit
416 685 569 729 Brutus,
594 696 644 721 ne
675 681 851 733 proxime
872 681 1034 731 quidem
1064 682 1115 719 de
1136 680 1279 731 Appio,
1303 680 1343 718 in
1370 680 1515 730 quibus
1535 693 1617 719 non

282 747 427 787 inesset
460 749 665 799 adrogans,
698 749 955 798 ἀκοινονόητον
987 746 1149 797 aliquid.
1212 744 1305 784 Tibi
1338 752 1471 784 autem
1502 746 1617 784 valde

282 814 380 852 solet
410 813 450 851 in
479 827 545 852 ore
575 826 661 852 esse
1638 827 1678 849 10

1116 875 1286 915 Granius
1314 882 1448 914 autem

420 945 514 983 Non
543 951 798 983 contemnere
827 957 869 982 se
899 950 937 982 et
967 955 1076 993 reges
1105 942 1237 981 odisse
1267 941 1468 992 superbos.

285 1011 333 1048 In
372 1023 451 1060 quo
490 1018 623 1048 tamen
661 1009 726 1048 ille
765 1009 861 1047 mihi
895 1009 1015 1047 risum
1051 1007 1173 1057 magis
1212 1020 1331 1057 quam
1365 1007 1614 1045 stomachum

283 1088 440 1113 movere
471 1076 579 1113 solet.
640 1075 719 1113 Sed
748 1076 865 1125 plane
894 1087 1032 1124 parum
1064 1072 1209 1122 cogitat
1243 1071 1341 1122 quid
1374 1071 1517 1110 scribat
1547 1079 1615 1109 aut

283 1141 334 1178 ad
364 1153 493 1189 quem.
1636 1151 1674 1183 15

242 1209 266 1247 8
341 1206 389 1253 Q.
423 1204 563 1244 Cicero
597 1217 694 1254 puer
722 1204 826 1254 legit,
857 1211 900 1242 ut
929 1203 1080 1253 opinor,
1116 1210 1155 1241 et
1184 1209 1298 1249 certe,
1326 1201 1534 1251 epistulam
1561 1201 1615 1238 in-

284 1269 468 1320 scriptam
490 1269 589 1319 patri
616 1282 698 1307 suo.
759 1270 866 1307 Solet
887 1269 992 1306 enim
1019 1267 1168 1317 aperire
1192 1267 1313 1316 idque
1333 1268 1384 1304 de
1412 1279 1500 1304 meo
1525 1279 1616 1303 con-

283 1334 381 1381 silio,
415 1334 446 1372 si
481 1333 577 1383 quid
611 1335 709 1371 forte
744 1333 791 1371 sit
823 1334 932 1383 quod
962 1346 1061 1382 opus
1091 1331 1140 1370 sit
1170 1331 1267 1369 sciri.
1329 1332 1378 1368 In
1407 1344 1453 1369 ea
1481 1338 1614 1368 autem

283 1399 450 1449 epistula
479 1406 559 1437 erat
589 1398 695 1436 idem
726 1397 823 1436 illud
853 1398 903 1436 de
933 1410 1064 1435 sorore
1094 1397 1203 1446 quod
1229 1396 1280 1434 ad
1310 1409 1384 1433 me.
1445 1394 1614 1433 Mirifice

283 1465 561 1503 conturbatum
582 1463 662 1501 vidi
683 1476 858 1512 puerum.
920 1461 1147 1499 Lacrimans
1176 1473 1332 1498 mecum
1359 1466 1417 1498 est
1438 1467 1610 1508 questus.
1635 1474 1675 1496 20

284 1529 393 1578 Quid
415 1528 596 1579 quaeris?
631 1527 768 1565 miram
792 1527 833 1564 in
857 1540 905 1565 eo
930 1526 1116 1576 pietatem
1138 1525 1369 1563 suavitatem
1396 1523 1615 1562 humanita-

283 1603 443 1644 temque
474 1593 662 1643 perspexi.
724 1594 816 1640 Quo
855 1592 1044 1629 maiorem
1083 1604 1194 1640 spem
1233 1591 1363 1628 habeo
1401 1589 1499 1626 nihil
1532 1591 1614 1627 fore

284 1660 393 1698 aliter
421 1673 467 1697 ac
497 1660 646 1697 deccat.
707 1659 755 1696 Id
786 1664 823 1695 te
854 1656 967 1706 igitur
997 1656 1094 1694 scire
1123 1654 1240 1693 volui.

238 1736 266 1773 9
340 1726 403 1762 Ne
436 1724 531 1761 illud
563 1722 723 1772 quidem
754 1721 1071 1771 praetermittam.
1137 1718 1377 1757 Hortensius
1408 1718 1509 1756 filius
1541 1718 1613 1756 fuit

286 1790 506 1829 Laodiceae
537 1788 817 1840 gladiatoribus
849 1787 1038 1838 flagitiose
1077 1794 1114 1825 et
1146 1786 1317 1836 turpiter.
1378 1787 1501 1824 Hunc
1540 1799 1613 1835 ego
1633 1797 1672 1829 25

282 1855 401 1906 patris
433 1869 550 1894 causa
578 1853 715 1892 vocavi
749 1855 800 1891 ad
835 1866 974 1891 cenam
1005 1865 1084 1901 quo
1116 1851 1180 1889 die
1214 1850 1331 1897 venit,
1365 1858 1402 1888 et
1435 1850 1613 1889 eiusdem

282 1921 400 1971 patris
438 1933 555 1958 causa
586 1919 683 1956 nihil
717 1918 896 1968 amplius.
957 1919 997 1955 Is
1029 1916 1124 1954 mihi
1155 1916 1250 1954 dixit
1281 1929 1321 1953 se
1351 1915 1518 1953 Athenis
1550 1929 1613 1953 me

282 1992 597 2035 exspectaturum
640 1991 682 2022 ut
722 1996 879 2021 mecum
918 1982 1137 2020 decederet.
1218 1982 1387 2018 ‘Recte'
1426 1980 1613 2030 inquam3

282 2051 379 2101 quid
400 2050 505 2089 enim
532 2049 736 2087 dicerem?
793 2046 969 2086 Omnino
997 2053 1093 2096 puto
1120 2044 1217 2082 nihil
1247 2058 1332 2083 esse
1358 2045 1465 2094 quod
1492 2044 1613 2091 dixit3

283 2117 377 2155 nolo
394 2115 566 2165 quidem,
585 2127 635 2152 ne
657 2113 856 2151 offendam
873 2118 1023 2161 patrem
1045 2122 1163 2159 quem
1186 2123 1248 2147 me
1265 2110 1423 2147 hercule
1444 2111 1611 2147 multum
1634 2119 1674 2151 30

283 2181 414 2230 diligo.
475 2180 542 2218 Sin
564 2178 677 2217 fuerit
699 2191 809 2216 meus
830 2189 974 2222 comes,
998 2175 1234 2213 moderabor
1254 2174 1307 2212 ita
1326 2187 1377 2212 ne
1397 2174 1493 2224 quid
1520 2187 1612 2213 eum

283 2247 483 2285 offendam
504 2258 623 2295 quem
644 2242 807 2281 minime
826 2242 926 2279 volo.

327 2360 346 2387 4
370 2349 463 2378 solus
485 2346 581 2377 11⁷2:
605 2345 712 2376 solum
731 2349 759 2374 Δ
880 2353 901 2383 9
925 2341 1136 2383 ἀκοινώνητον
1156 2341 1257 2383 vulg„
1277 2341 1313 2382 qs.
1333 2341 1374 2373 vi.
1393 2351 1419 2373 1.
1441 2351 1459 2380 7
1573 2350 1612 2380 19

283 2393 372 2424 idem
390 2392 471 2422 illud
486 2389 576 2422 sz
603 2389 684 2420 illud
701 2389 789 2419 idem
805 2392 834 2418 Δ
