1790 2837
113 147 166 184 11.
186 144 279 181 xxii
558 141 615 179 M.
647 139 817 178 TVLLI
849 139 1156 179 CICERONIS
1785 129 1790 162 ²

189 267 230 293 se
250 251 437 303 perfidiae
457 258 496 289 et
516 249 672 289 sceleris
700 248 860 287 infamia
886 250 982 297 fore,
1003 248 1034 287 si
1058 249 1155 288 mihi
1181 249 1398 300 periculum
1419 265 1521 290 crea-

188 326 292 357 retur
317 318 368 355 ab
393 330 441 355 eo
465 330 585 367 quern
610 316 693 366 ipse
722 322 911 353 armasset
935 328 1026 352 cum
1050 314 1250 364 plebeium
1275 316 1357 354 fieri
1383 330 1520 366 passus

189 390 314 421 esset:
354 383 475 420 fidem
509 380 704 430 recepisse
738 379 813 417 sibi
843 386 881 417 et
912 378 1042 428 ipsum
1075 386 1115 417 et
1147 379 1322 429 Appium
1353 381 1403 419 de
1433 394 1520 420 me:

187 447 291 485 hanc
312 446 342 485 si
364 447 428 485 ille
452 459 533 484 non
561 452 742 492 servaret,
758 443 812 482 ita
832 445 1000 482 laturum
1026 450 1068 482 ut
1088 456 1226 482 omnes
1251 443 1520 494 intellegerent
1788 450 1790 491 Ι

188 512 285 552 nihil
313 511 387 550 sibi
416 510 615 561 antiquius
636 509 809 548 amicitia
835 517 968 548 nostra
988 508 1118 547 fuisse.
1178 510 1293 547 Haec
1313 517 1352 548 et
1371 509 1412 547 in
1432 524 1519 549 eam
1540 527 1556 559 5
1787 495 1790 571 l

187 578 422 616 sententiam
444 591 535 616 cum
556 578 679 614 multa
706 575 878 622 dixisset,
900 574 1030 613 aiebat
1059 574 1169 612 illum
1190 574 1317 624 primo
1338 588 1431 613 sane
1452 575 1520 614 diu

188 644 311 681 multa
340 650 486 690 contra,
509 643 560 680 ad
588 648 805 679 extremum
830 647 963 679 autem
995 652 1134 678 manus
1155 638 1312 677 dedisse
1342 647 1380 677 et
1409 641 1521 678 adfir-

188 721 315 746 masse
343 707 440 745 nihil
467 721 508 745 se
535 714 672 745 contra
698 705 781 744 eius
802 706 1047 744 voluntatem
1069 717 1154 742 esse
1175 705 1380 742 facturum.
1441 706 1519 744 Sed

187 781 325 823 postea
359 781 491 812 tamen
523 772 588 811 ille
618 785 699 810 non
738 769 887 810 destitit
922 771 973 809 de
1007 769 1122 808 nobis
1154 768 1365 819 asperrime
1396 769 1515 819 loqui.

189 840 311 887 Quod
333 838 364 877 si
384 852 466 877 non
486 840 640 885 faceret,
657 845 790 875 tamen
806 835 842 874 ei
858 835 956 873 nihil
971 836 1221 874 crederemus
1236 842 1355 885 atque
1371 835 1516 882 onmia,
1541 851 1579 873 10

189 905 289 944 sicut
310 905 485 953 facimus,
508 918 743 956 pararemus.

146 980 170 1017 3
244 972 364 1009 Nunc
384 970 437 1009 ita
456 984 529 1009 nos
548 969 719 1021 gerimus
739 976 781 1007 ut
802 968 842 1007 in
862 968 947 1008 dies
973 967 1148 1018 singulos
1174 974 1213 1007 et
1236 967 1366 1006 studia
1386 966 1426 1006 in
1446 981 1519 1006 nos

188 1036 395 1075 hominum
424 1044 462 1075 et
493 1049 589 1086 opes
616 1042 773 1074 nostrae
803 1042 1046 1085 augeantur3
1074 1047 1156 1072 rem
1186 1033 1387 1084 publicam
1412 1035 1519 1072 nulla

186 1115 233 1140 ex
263 1109 372 1152 parte
405 1100 642 1151 attingimus,
679 1100 719 1138 in
753 1099 881 1138 causis
914 1106 1033 1149 atque
1067 1099 1106 1136 in
1142 1098 1207 1137 illa
1237 1112 1356 1149 opera
1385 1106 1518 1137 nostra

184 1166 329 1205 forensi
350 1180 504 1205 summa
525 1165 716 1204 industria
735 1178 935 1203 versamur
951 1178 962 1212 5
990 1164 1099 1214 quod
1120 1163 1273 1213 egregie
1293 1177 1374 1201 non
1396 1164 1517 1202 modo
1539 1177 1575 1208 15

185 1231 230 1270 iis
252 1232 319 1282 qui
340 1239 502 1269 utuntur
522 1244 654 1281 opera,
675 1231 745 1269 sed
765 1229 885 1269 etiam
906 1229 945 1267 in
965 1230 1103 1279 vulgus
1124 1236 1276 1279 gratum
1297 1242 1382 1267 esse
1403 1228 1518 1266 senti-

184 1310 282 1335 mus.
355 1299 509 1335 Domus
547 1296 776 1342 celebratur,
818 1293 1041 1341 occurritur,
1082 1300 1291 1333 renovatur
1329 1293 1519 1331 memoria

183 1363 421 1408 consulatus,
447 1361 576 1400 studia
596 1360 889 1412 significantur3
919 1359 959 1397 in
979 1373 1067 1398 eam
1088 1372 1199 1409 spem
1220 1358 1456 1397 adducimur
1476 1366 1519 1397 ut

185 1427 300 1466 nobis
330 1441 376 1466 ea
405 1426 609 1466 contentio
638 1439 740 1477 quae
766 1425 972 1477 impendet
992 1424 1191 1464 interdum
1221 1437 1303 1463 non
1332 1423 1519 1474 fugienda

185 1492 372 1531 videatur.
1539 1506 1578 1528 20

139 1568 166 1605 4
241 1559 360 1596 Nunc
390 1556 487 1595 mihi
521 1564 559 1596 et
591 1556 763 1595 consiliis
796 1569 896 1606 opus
926 1563 985 1594 est
1016 1555 1092 1594 tuis
1124 1562 1163 1594 et
1194 1569 1327 1594 amore
1357 1561 1396 1593 et
1425 1555 1514 1593 fide.

186 1623 277 1671 Qua
306 1636 345 1661 re
374 1623 526 1660 advola.
587 1621 781 1671 Expedita
801 1620 898 1659 mihi
919 1628 1032 1659 erunt
1059 1620 1193 1659 onmia
1219 1620 1251 1658 si
1278 1628 1316 1658 te
1343 1620 1512 1658 habebo.

185 1689 314 1726 Multa
342 1700 411 1737 per
432 1689 651 1725 Varronem
679 1694 856 1724 nostrum
884 1685 947 1736 agi
974 1693 1140 1735 possunt
1161 1699 1262 1735 quae
1289 1692 1327 1723 te
1354 1692 1516 1734 urgente

182 1760 295 1791 erunt
323 1751 503 1798 firmiora,
534 1752 657 1789 multa
685 1751 736 1790 ab
764 1750 850 1801 ipso
877 1750 1019 1789 Publio
1050 1750 1153 1798 elici,
1179 1752 1303 1788 multa
1329 1748 1515 1799 cognosci

182 1831 284 1868 quae
322 1817 392 1855 tibi
432 1817 587 1855 occulta
625 1830 710 1855 esse
748 1829 830 1854 non
869 1823 1067 1866 poterunt,
1109 1817 1232 1853 multa
1269 1814 1514 1853 etiam—sed
1538 1831 1572 1863 ²5

180 1883 398 1922 absurdum
430 1889 488 1921 est
520 1881 672 1931 singula
703 1881 896 1931 explicare
931 1894 1023 1919 cum
1057 1894 1131 1931 ego
1162 1879 1357 1930 requiram
1393 1887 1430 1919 te
1464 1882 1515 1919 ad

137 1948 325 2001 5omnia.
383 1950 518 1985 Vnum
558 1946 655 1985 illud
695 1946 765 1984 tibi
805 1947 1041 1997 persuadeas
1079 1944 1207 1992 velim,
1245 1945 1378 1983 omnia
1418 1946 1515 1984 mihi

180 2013 262 2051 fore
283 2012 474 2063 explicata
494 2011 525 2049 si
546 2019 584 2050 te
599 2011 735 2050 videro
751 2026 760 2059 3
790 2012 859 2050 sed
877 2018 1004 2049 totum
1026 2018 1084 2049 est
1100 2010 1139 2048 in
1161 2023 1209 2048 eo
1230 2009 1261 2047 si
1281 2018 1373 2048 ante
1394 2024 1513 2060 quam

181 2076 244 2116 ille
266 2077 371 2115 ineat
392 2075 672 2126 magistratum.
733 2078 835 2114 Puto
859 2075 1093 2126 Pompeium
1116 2076 1259 2114 Crasso
1286 2082 1458 2124 urgente,
1482 2074 1514 2113 si

180 2150 222 2180 tu
242 2142 368 2180 aderis
396 2141 462 2192 qui
490 2154 558 2191 per
583 2143 729 2191 βοῶπιν
753 2154 800 2178 ex
830 2140 915 2190 ipso
940 2140 1164 2189 intellegere
1188 2139 1314 2189 possis
1336 2153 1414 2189 qua
1434 2141 1513 2178 fide
1534 2154 1573 2185 30

180 2209 230 2247 ab
260 2207 333 2245 illis
363 2214 508 2257 agatur,
531 2220 604 2245 nos
631 2213 698 2244 aut
727 2205 811 2244 sine
842 2205 1023 2244 molestia
1048 2212 1116 2243 aut
1143 2212 1247 2243 certe
1274 2205 1358 2243 sine
1386 2218 1513 2243 errore

180 2274 342 2312 futuros.
420 2271 607 2310 Precibus
646 2271 787 2309 nostris
826 2278 864 2309 et
903 2269 1176 2309 cohortatione
1215 2283 1296 2308 non
1334 2269 1512 2319 indiges3

226 2386 263 2415 14
300 2376 386 2406 Fort.
421 2386 484 2405 voc.
518 2380 634 2406 nostra
667 2374 952 2416 transponendum
979 2377 1055 2415 post
1088 2378 1230 2405 utuntur
1260 2384 1365 2414 opera
1399 2373 1433 2414 (l.
1457 2374 1509 2414 16)

183 2421 222 2450 16
246 2430 349 2459 opera
365 2420 432 2450 secl.
453 2419 567 2450 Baiter
