1817 2832
190 998 208 1028 5

168 1325 208 1347 10

657 459 830 498 LIBER
867 457 1123 497 OCTAVVS

646 557 749 605 AD
801 556 1139 605 ATTICVM

267 682 291 717 Ῑ
488 684 557 717 Ser.
576 684 609 716 in
625 685 808 716 Formiano
821 684 876 716 xiv
891 684 934 715 Κ.
954 683 1056 715 Mart.
1077 694 1107 714 α.
1129 693 1184 723 705
1201 682 1289 725 (49).

632 772 809 803 CICERO
842 771 1013 802 ATTICO
1047 771 1145 803 SAL.

279 861 375 900 CvM
407 861 457 898 ad
484 868 522 899 te
548 860 693 898 litteras
722 859 932 906 dedissem,
958 859 1134 898 redditae
1159 858 1255 896 mihi
1282 858 1432 897 litterae
1460 865 1551 897 sunt
1571 868 1589 897 1

225 940 248 964 a
279 926 493 975 Pompeio:
525 933 653 963 cetera
683 927 733 963 de
761 925 877 963 rebus
906 924 946 961 in
977 924 1124 962 Piceno
1154 923 1271 973 gestis
1301 937 1401 973 quae
1430 924 1481 962 ad
1510 937 1551 962 se

226 990 422 1028 Vibullius
456 989 681 1039 scripsisset,
714 990 765 1027 de
798 988 944 1027 dilectu
978 987 1140 1035 Domiti,
1177 1001 1277 1037 quae
1315 995 1406 1025 sunt
1439 986 1550 1026 vobis

225 1062 319 1091 nota
339 1067 412 1092 nec
442 1061 574 1091 tamen
600 1060 680 1090 tam
708 1054 809 1090 laeta
829 1060 937 1090 erant
964 1051 1004 1089 in
1031 1051 1077 1090 iis
1104 1051 1238 1089 litteris
1265 1065 1383 1101 quam
1410 1052 1461 1089 ad
1488 1065 1551 1089 me

226 1118 460 1156 Philotimus
485 1117 698 1167 scripserat.
760 1118 893 1166 Ipsam
921 1116 991 1154 tibi
1018 1115 1226 1165 epistulam
1257 1115 1450 1154 misissem
1481 1117 1552 1154 sed

224 1183 302 1220 iam
323 1182 454 1221 subito
474 1181 597 1219 fratris
618 1195 714 1232 puer
739 1181 1070 1232 proficiscebatur.
1131 1181 1226 1219 Cras
1251 1180 1364 1230 igitur
1384 1180 1547 1218 mittam.

226 1248 304 1285 Sed
338 1246 377 1285 in
412 1260 458 1285 ea
487 1246 651 1296 Pompei
680 1246 846 1296 epistula
875 1253 956 1284 erat
984 1245 1024 1283 in
1054 1252 1228 1284 extremo
1261 1244 1382 1294 ipsius
1418 1259 1548 1291 manu,

226 1313 313 1350 ‘Tu
344 1325 487 1350 censeo
520 1310 725 1349 Luceriam
755 1310 899 1348 venias.
960 1312 1166 1359 Nusquam
1197 1309 1270 1347 eris
1300 1309 1443 1347 tutius)
1503 1310 1552 1347 Id

225 1390 297 1426 ego
318 1377 357 1414 in
378 1391 464 1415 eam
490 1384 639 1427 partem
666 1375 812 1425 accepi,
836 1377 934 1414 haec
960 1375 1108 1425 oppida
1132 1382 1251 1424 atque
1275 1388 1382 1413 oram
1412 1373 1552 1412 mariti-

225 1455 328 1479 mam
351 1442 459 1479 illum
487 1456 558 1492 pro
579 1441 766 1479 derelicto
792 1441 948 1487 habere,
971 1454 1044 1478 nec
1066 1453 1152 1478 sum
1177 1439 1336 1476 miratus
1364 1452 1454 1476 eum
1484 1438 1552 1488 qui

223 1514 341 1556 caput
365 1507 494 1556 ipsum
521 1506 738 1556 reliquisset
764 1505 921 1555 reliquis
950 1504 1135 1543 membris
1165 1518 1244 1542 non
1275 1517 1442 1554 parcere.
1504 1503 1550 1542 Ei

223 1571 353 1609 statim
392 1570 569 1621 rescripsi
609 1571 893 1620 hominemque
933 1578 1082 1608 certum
1121 1569 1208 1607 misi
1247 1570 1297 1607 de
1339 1567 1550 1606 comitibus

224 1635 331 1682 meis,
361 1649 416 1672 me
445 1649 525 1673 non
555 1649 740 1684 quaerere
771 1634 838 1673 ubi
870 1634 1064 1674 tutissimo
1094 1647 1246 1680 essen13
1283 1633 1313 1670 si
1345 1646 1407 1671 me
1437 1634 1552 1671 vellet

223 1713 292 1737 sua
324 1707 391 1737 aut
423 1699 476 1737 rei
507 1699 690 1749 publicae
724 1713 842 1737 causa
877 1699 1082 1737 Luceriam
1118 1697 1259 1744 venire,
1297 1697 1426 1735 statim
1466 1710 1550 1736 esse

222 1772 428 1802 venturum
445 1778 454 1811 3
483 1765 739 1814 hortatusque
767 1778 853 1802 sum
882 1772 923 1802 ut
952 1777 1060 1802 oram
1090 1762 1325 1800 maritimam
1355 1761 1546 1808 retineret,

223 1828 253 1865 si
288 1842 369 1866 rem
403 1829 694 1866 frumentariam
729 1828 803 1866 sibi
834 1843 881 1867 ex
910 1827 1120 1878 provinciis
1151 1826 1391 1877 suppeditari
1420 1828 1546 1865 vellet.

224 1893 318 1930 Hoc
338 1906 401 1930 me
421 1894 560 1930 frustra
580 1893 747 1931 scribere
767 1892 977 1939 videban13
1006 1893 1075 1930 sed
1097 1891 1152 1929 uti
1174 1891 1213 1929 in
1229 1892 1325 1929 urbe
1345 1890 1550 1929 retinenda

165 1973 179 1993 2
224 1964 330 2003 tunc,
351 1956 406 1994 sic
432 1971 538 1994 nunc
558 1957 598 1994 in
624 1957 736 1994 Italia
756 1971 837 1995 non
864 1957 1123 2006 relinquenda
1142 1955 1378 1994 testificabar
1399 1963 1550 1994 senten-

223 2021 316 2058 tiam
350 2034 487 2058 meam.
548 2020 611 2058 Sic
645 2021 750 2059 enim
782 2021 906 2070 parari
940 2020 1056 2058 video
1092 2028 1134 2057 ut
1168 2020 1374 2057 Luceriam
1410 2032 1547 2057 omnes

222 2085 359 2134 copiae
383 2086 662 2122 contrahantur
683 2092 720 2123 et
741 2098 790 2123 ne
811 2084 842 2122 is
863 2084 1024 2134 quidem
1045 2086 1154 2122 locus
1174 2086 1226 2121 sil
1243 2084 1390 2121 stabilis
1412 2084 1482 2122 sed
1502 2097 1548 2121 ex

222 2163 270 2187 eo
290 2149 386 2199 ipso,
410 2149 440 2187 si
462 2163 676 2199 urgeamur,
700 2157 854 2199 paretur
875 2151 976 2199 fuga.
1416 2150 1422 2156 '

264 2254 372 2292 6post
385 2263 483 2291 quam
502 2252 575 2283 add.
593 2263 679 2291 quae
700 2252 802 2282 Orelli
906 2262 935 2291 7,
949 2253 969 2282 8
987 2252 1047 2283 sed
1066 2252 1131 2282 iam
1142 2251 1240 2282 Rom.
1260 2262 1266 2281 :
1292 2252 1396 2281 miser
1413 2252 1477 2281 iam
1496 2249 1548 2280 Ml

223 2297 280 2329 (mi
298 2307 411 2326 cxvoc.
435 2297 588 2335 proximo
614 2296 820 2329 misissem):
852 2296 917 2325 nisi
944 2300 1010 2326 tam
1035 2294 1088 2324 Μ’]
1238 2305 1275 2333 15
1301 2305 1353 2324 me
1371 2294 1446 2325 add.
1467 2294 1551 2323 Pius

222 2350 265 2412 ,Seis->t
284 2339 482 2412 lsliltlzllisost
498 2339 544 2370 vel
558 2343 632 2370 ante
648 2339 778 2370 stabilis
793 2338 868 2370 add.
889 2338 956 2371 edd.
973 2343 1047 2380 post
1062 2338 1192 2370 Eme-sti
1267 2338 1410 2379 stabilis]
1436 2337 1548 2368 standi

395 2406 415 2422 a>

265 2447 326 2469 crc‘
347 2448 394 2468 AD
410 2447 484 2471 Αττ.
1423 2436 1464 2468 16
