1790 2837
116 120 146 158 I.
170 121 262 158 xvii
541 121 596 159 M.
628 120 798 158 TVLLI
828 121 1136 160 CICERONIS

173 245 265 269 nem
303 245 421 282 posse
454 230 650 281 coniungi.
712 231 868 270 Rides?
927 232 1021 270 Non
1059 239 1150 271 sunt
1188 233 1287 272 haec
1325 232 1498 278 ridicula,

173 295 268 333 mihi
289 297 414 334 crede.
477 296 586 344 Quid
605 295 713 334 aliud
733 296 902 334 scribam
922 297 973 334 ad
994 304 1042 343 te,
1066 296 1191 346 quid?
1249 299 1377 335 Multa
1397 304 1497 344 sunt,

171 361 240 397 sed
256 359 294 397 in
310 359 418 398 aliud
439 367 605 410 tempus·
646 363 902 410 'lexspectare
918 360 1024 408 velis,
1044 374 1155 399 cures
1176 368 1218 399 ut
1239 361 1371 399 sciam.
1415 363 1500 399 Iam

170 423 267 461 illud
297 425 477 462 modeste
504 438 608 474 rogo,
632 425 742 474 quod
762 424 932 463 maxime
958 424 1086 475 cupio,
1110 432 1153 463 ut
1180 438 1299 475 quam
1329 425 1500 476 primum

169 488 313 527 venias.
376 489 504 528 Nonis
531 489 834 528 Decembribus.
1522 504 1538 535 5

214 597 374 632 XVIII
549 601 618 633 Ser.
638 602 676 632 xi
689 601 766 633 Kal.
786 602 876 633 Febr.
901 613 931 633 a.
951 602 1016 643 694
1036 601 1118 644 (60).

584 679 760 710 CICERO
784 678 955 710 ATTICO
981 679 1079 712 SAL.

131 770 147 796 1
222 755 333 794 Nihil
361 755 457 794 mihi
483 770 589 795 nunc
617 756 716 795 scito
750 764 830 795 tam
864 758 1003 795 deesse
1024 770 1142 807 quam
1170 756 1375 796 hominem
1407 771 1498 796 eum

165 833 339 869 quocum
367 820 501 859 omnia
522 835 622 871 quae
650 835 713 859 me
740 835 833 860 cura
856 821 988 871 aliqua
1011 821 1202 860 adficiunt
1223 836 1303 860 uno
1324 836 1499 861 commu-

166 885 306 931 nicem,
331 885 398 935 qui
430 900 493 924 me
522 893 638 932 amet,
666 885 733 935 qui
764 886 899 936 sapiat,
930 886 1091 936 quicum
1122 900 1195 937 ego
1224 901 1315 925 cum
1346 888 1494 937 loquar,
1523 903 1558 924 ιο

165 949 262 988 nihil
284 951 440 999 fingam,
464 950 561 988 nihil
582 950 839 997 dissimulem,
863 951 961 989 nihil
982 952 1178 1001 obtegam.
1237 952 1364 990 Abest
1390 951 1496 990 enim

164 1017 279 1053 frater
300 1017 557 1064 ἀφελέστατος
577 1023 615 1054 et
635 1016 942 1055 amantissimus.
1003 1018 1252 1059 †Metellus†
1272 1030 1353 1055 non
1375 1018 1496 1056 homo

164 1081 234 1119 sed

355 1136 488 1173 ‘litus
527 1143 667 1185 atque
706 1135 780 1173 aer
819 1142 861 1173 et
901 1135 1110 1174 solitudo
1150 1137 1293 1175 mera.’

165 1201 228 1238 Tu
249 1207 381 1239 autem
403 1200 469 1250 qui
491 1200 718 1250 saepissime
746 1213 879 1237 curam
911 1208 949 1238 et
975 1214 1161 1249 angorem
1181 1199 1303 1238 animi
1324 1199 1401 1238 mei
1422 1214 1496 1239 ser·
1519 1215 1555 1245 ¹5

166 1278 285 1303 mone
306 1272 344 1303 et
365 1264 529 1302 consilio
550 1264 685 1302 levasti
706 1272 786 1310 tuo,
802 1264 869 1313 qui
891 1264 987 1302 mihi
1008 1272 1046 1302 et
1066 1264 1106 1301 in
1127 1265 1285 1314 publica
1305 1278 1345 1302 re
1366 1264 1495 1303 socius

164 1336 203 1367 et
231 1329 269 1367 in
296 1329 453 1379 privatis
474 1329 659 1367 omnibus
680 1328 863 1367 conscius
887 1336 925 1366 et
952 1329 1131 1367 omnium
1153 1342 1330 1367 meorum
1353 1342 1496 1367 sermo-

165 1408 260 1432 num
291 1402 329 1433 et
360 1394 612 1433 consiliorum
638 1393 831 1444 particeps
859 1408 944 1432 esse
976 1395 1089 1440 soles,
1118 1393 1281 1432 ubinam
1306 1395 1376 1432 es?
1435 1395 1496 1431 Ita

164 1472 251 1498 sum
285 1460 336 1497 ab
370 1458 555 1497 omnibus
594 1457 804 1496 destitutus
839 1466 880 1496 ut
919 1465 1071 1496 tantum
1107 1457 1291 1507 requietis
1326 1458 1494 1496 habeam

164 1531 356 1573 quantum
387 1537 477 1561 cum
509 1536 628 1561 uxore
659 1530 697 1561 et
729 1522 848 1561 filiola
882 1530 921 1560 et
953 1522 1103 1560 mellito
1135 1522 1326 1562 Cicerone
1356 1536 1495 1560 consu-
1517 1540 1554 1560 20

165 1588 291 1627 mitur.
353 1590 455 1626 Nam
487 1588 574 1625 illae
603 1587 835 1625 ambitiosae
863 1595 1019 1625 nostrae
1041 1589 1279 1637 fucosaeque
1298 1587 1494 1626 amicitiae

164 1661 255 1692 sunt
277 1653 316 1690 in
336 1654 509 1703 quodam
532 1653 741 1701 splendore
763 1651 918 1698 forensi,
938 1653 1106 1689 fructum
1128 1652 1390 1690 domesticum
1413 1666 1493 1690 non

164 1722 323 1760 habent.
394 1723 534 1770 Itaque
565 1734 654 1758 cum
685 1721 788 1758 bene
821 1721 1018 1769 completa
1048 1720 1191 1757 domus
1225 1725 1283 1755 est
1317 1725 1494 1767 tempore

166 1786 370 1833 matutino,
393 1800 483 1825 cum
510 1787 561 1824 ad
588 1788 716 1824 forum
743 1785 874 1835 stipati
895 1785 1075 1835 gregibus
1095 1784 1312 1821 amicorum
1333 1784 1493 1821 descen-

164 1852 306 1899 dimus,
325 1851 492 1903 reperire
512 1866 558 1891 ex
579 1865 721 1901 magna
741 1852 855 1889 turba
876 1850 1075 1889 neminem
1092 1862 1302 1899 possumus
1318 1862 1491 1898 quocum
1515 1865 1527 1885 2
1535 1863 1551 1894 5

208 1966 228 1995 3
248 1960 324 1997 post
339 1961 472 1995 tempus
491 1959 565 1986 recle
587 1955 856 1995 z‘1tte17'211n.i·cr1t11l
870 1954 936 1985 edd.
956 1953 1122 1983 amlientvs
1138 1952 1256 1982 differo
1273 1951 1312 1990 cf.
1333 1951 1370 1990 Q.
1386 1951 1439 1982 Fr.
1457 1953 1489 1984 ii.

169 2010 217 2037 13.
235 2010 254 2038 3
269 2012 274 2030 ;
302 2001 361 2030 sed
379 2001 406 2029 si
430 2001 462 2029 in
486 2000 576 2030 aliud
594 2005 727 2038 tempus
745 2003 944 2037 exspectare
963 1996 1132 2027 Corradus
1201 1999 1276 2025 (mle
1292 2001 1491 2034 exspectare

164 2043 386 2084 supplendum
405 2044 453 2073 Tu
473 2044 523 2074 fac
541 2049 576 2073 ut
594 2043 727 2082 quando
745 2052 808 2072 nos
831 2047 862 2071 tc
881 2041 930 2071 vel
942 2041 1046 2070 sz'nu'le
1068 2039 1150 2079 quid
1166 2043 1266 2079 putat
1285 2038 1491 2078 l‘fesenlmg:

164 2088 241 2126 Quo
260 2098 320 2117 nos
338 2092 370 2117 te
388 2092 540 2126 tempore
558 2087 682 2126 supplet
696 2085 847 2116 Sclmn'dt
934 2095 952 2123 4
978 2084 1119 2114 moleste
1138 2084 1159 2114 l
1172 2082 1285 2112 Baiter
1378 2093 1399 2121 9
1423 2093 1491 2113 uno

167 2131 308 2161 Miillcr:
334 2141 400 2160 una
417 2130 502 2160 codd.
525 2130 647 2160 Vahlen
665 2130 731 2160 coll.
750 2129 830 2159 Sest.
857 2138 936 2166 109:
966 2127 1065 2168 [una]
1086 2126 1214 2156 Erncsti
1356 2135 1394 2155 10
1418 2136 1491 2156 cum

167 2175 282 2205 Orelli:
309 2175 364 2205 &to
384 2177 432 2207 (et
449 2175 481 2203 in
500 2174 630 2205 rasura&
645 2172 704 2203 M:
729 2183 772 2202 ex
786 2173 899 2202 animo
916 2171 1023 2201 Koclz:
1051 2172 1097 2200 ita
1116 2172 1204 2205 <cnm
1223 2173 1257 2199 ut
1271 2172 1345 2208 post
1360 2169 1490 2208 loquar)

165 2218 280 2249 Klots:
309 2219 425 2247 intimc
443 2218 521 2247 coni.
541 2217 625 2246 Resd
728 2226 764 2245 12
789 2216 864 2244 mei.
883 2214 1011 2245 Tullius
1030 2213 1171 2253 llladmgf
1185 2213 1221 2252 ‘f-
1239 2213 1307 2242 viiii
1329 2222 1360 2241 11
1376 2223 1395 2242 Β
1405 2214 1489 2251 fist:

167 2262 232 2291 mei
264 2261 318 2291 ille
343 2261 525 2300 Sternkopf,
551 2259 745 2299 Pompeium
769 2259 968 2298 intellegens:
996 2258 1078 2288 mei:
1105 2257 1190 2287 ellus
1213 2256 1382 2287 Sm‘mn'dt:
1417 2260 1493 2285 cci-le

169 2305 327 2335 Metellus
354 2305 482 2334 tolerari
508 2304 618 2342 nequit
751 2312 797 2340 *14
823 2312 881 2332 aer
906 2302 955 2340 etl
982 2312 1080 2331 aeres
1108 2300 1288 2339 Slcrnkvpf
1308 2303 1343 2329 ut
1368 2300 1493 2328 ert-tirus

168 2359 279 2379 vri-sus
303 2352 376 2378 recte
394 2346 543 2388 procedat
683 2355 724 2385 25
751 2345 918 2384 reperire]
937 2345 1012 2375 ln'nc
1035 2355 1134 2385 usquc
1150 2343 1195 2374 ad
1210 2348 1243 2374 ct
1261 2343 1338 2374 talis
1355 2344 1420 2383 (19.
1441 2343 1489 2382 11)

167 2392 268 2430 dificit
283 2391 324 2421 M
