1817 2832
679 121 792 160 EPP.
823 122 902 160 AD
929 123 1189 162 ATTICVM
1474 124 1568 161 VII.
1587 123 1632 160 iv

279 258 346 294 IV
441 262 511 295 Scr.
533 264 566 294 in
582 264 789 306 Pompeiano
805 266 836 297 iv
850 269 912 297 aut
925 265 961 297 iii
972 265 1022 298 Id.
1040 265 1116 297 Dec.
1136 276 1167 298 a.
1186 274 1248 306 704
1268 265 1349 308 (50).

645 353 822 385 CICERO
852 353 1023 386 ATTICO
1055 353 1153 386 SAL.

290 440 525 490 Dionysium
542 442 768 492 flagrantem
785 442 980 481 desiderio
1001 442 1056 481 tui
1077 441 1164 481 misi
1183 444 1234 482 ad
1255 450 1293 482 te
1313 456 1387 482 nec
1403 456 1466 482 me
1479 444 1562 481 her·
1580 454 1598 482 1

235 507 321 544 cule
341 519 469 556 aequo
498 506 642 553 animo,
666 508 735 546 sed
764 507 837 545 fuit
866 508 1179 546 concedendum.
1240 509 1372 557 Quem
1400 508 1561 558 quidem

196 586 213 617 5
234 571 400 620 cognovi
435 585 556 621 quom
590 573 763 618 doctum,
801 573 907 621 quod
940 571 1035 609 mihi
1069 571 1147 610 iam
1175 580 1267 610 ante
1298 581 1378 611 erat
1408 581 1557 621 notum,

233 642 317 671 tum
339 648 432 672 sane
452 636 613 684 plenum
638 634 751 682 offici,
774 635 994 673 studiosum
1021 634 1139 673 etiam
1163 648 1275 673 meae
1301 635 1439 682 laudis,
1462 635 1559 686 frugi

233 698 436 738 hominem
466 713 523 747 ac,
560 714 610 738 ne
640 700 865 738 libertinum
902 701 1060 738 laudare
1097 698 1239 746 videar,
1281 701 1396 749 plane
1434 700 1559 738 virum

233 763 394 802 bonum.
455 764 689 814 Pompeium
731 764 811 803 vidi
849 777 913 802 1111
953 765 1049 802 Idus
1091 764 1334 803 Decembris.
1395 764 1558 803 Fuimus
1578 776 1602 803 2

233 842 311 866 una
349 830 463 867 horas
497 830 595 867 duas
632 831 803 867 fortasse.
863 831 1010 879 Magna
1042 828 1188 866 laetitia
1226 828 1322 866 mihi
1360 828 1463 867 visus
1502 837 1560 868 est

177 907 214 930 10
233 892 350 931 adfici
379 906 469 931 meo
495 894 693 941 adventu3
723 895 773 932 de
802 893 1000 943 triumpho
1028 892 1184 939 hortari,
1215 893 1412 943 suscipere
1442 893 1559 943 partis

234 972 333 1006 suas,
367 973 526 998 monere
555 973 605 998 ne
634 968 725 998 ante
759 959 799 997 in
832 968 1013 998 senatum
1051 961 1280 998 accederem
1320 973 1438 1009 quam
1477 973 1558 998 rem

233 1024 502 1070 confecissem,
534 1038 584 1063 ne
613 1024 792 1063 dicendis
821 1024 1023 1062 sententiis
1052 1024 1223 1074 aliquem
1250 1024 1451 1062 tribunum
1471 1024 1560 1063 alie-

231 1102 377 1126 narem.
438 1089 546 1137 Quid
576 1089 757 1139 quaeris?
786 1089 826 1126 in
846 1090 922 1127 hoc
946 1089 1075 1127 officio
1095 1088 1285 1126 sermonis
1315 1088 1411 1126 nihil
1431 1089 1559 1138 potuit

232 1167 317 1191 esse
338 1154 532 1203 prolixius.
594 1156 655 1192 De
676 1168 715 1192 re
735 1153 893 1204 publica
910 1162 1042 1191 autem
1068 1153 1120 1191 ita
1149 1167 1305 1191 mecum
1326 1154 1480 1191 locutus
1500 1161 1558 1191 est

176 1234 211 1265 15
233 1218 343 1268 quasi
373 1232 453 1256 non
483 1218 649 1256 dubium
677 1219 823 1256 bellum
854 1219 1097 1265 haberemus,
1121 1217 1218 1255 nihil
1246 1219 1298 1256 ad
1327 1231 1437 1268 spem
1468 1231 1557 1256 con-

231 1283 398 1321 cordiae.
459 1284 580 1322 Plane
601 1282 710 1321 illum
730 1296 753 1320 a
773 1296 814 1320 se
833 1283 1044 1321 alienatum
1070 1296 1160 1320 cum
1189 1290 1280 1320 ante
1304 1281 1554 1332 intellegeret,

231 1356 315 1386 tum
344 1362 436 1387 vero
466 1348 642 1398 proxime
671 1347 876 1386 iudicasse.
947 1347 1113 1385 Venisse
1139 1347 1314 1385 Hirtium
1341 1361 1364 1385 a
1391 1348 1557 1386 Caesare

230 1413 298 1462 qui
327 1421 429 1451 esset
458 1413 511 1450 illi
540 1411 870 1459 familiarissimus,
901 1413 952 1450 ad
982 1425 1022 1450 se
1048 1426 1129 1450 non
1157 1412 1368 1450 accessisse
1395 1419 1442 1459 et,
1466 1425 1557 1457 cum

231 1479 294 1517 ille
314 1492 346 1516 a.
370 1480 407 1516 d.
431 1491 504 1515 vm
529 1479 624 1516 Idus
647 1478 855 1516 Decembr.
871 1477 1020 1527 vesperi
1034 1477 1213 1524 venisset,
1238 1477 1384 1515 Balbus
1405 1478 1455 1515 de
1476 1484 1558 1515 tota

173 1559 214 1581 20
231 1557 271 1581 re
295 1543 560 1582 constituisset
589 1557 621 1581 a.
651 1544 688 1581 d.
718 1555 775 1580 vn
806 1544 857 1581 ad
884 1542 1111 1592 Scipionem
1139 1550 1231 1580 ante
1256 1544 1386 1580 lucem
1413 1542 1555 1589 venire,

231 1609 354 1646 multa
374 1609 423 1646 de
444 1616 561 1646 nocte
581 1622 671 1646 eum
692 1610 911 1658 profectum
933 1621 1017 1646 esse
1036 1608 1087 1645 ad
1109 1608 1328 1646 Caesarem.
1390 1608 1483 1644 Hoc
1502 1607 1556 1644 illi

227 1674 468 1723 τεκμηριῶδες
482 1673 688 1711 videbatur
715 1686 800 1711 esse
824 1672 1079 1711 alienationis.
1141 1671 1249 1720 Quid
1277 1672 1431 1709 multa?
1459 1670 1556 1708 nihil
1576 1676 1600 1713 3

228 1751 291 1776 me
323 1738 430 1776 aliud
461 1740 686 1777 consolatur
717 1738 791 1776 nisi
824 1739 934 1787 quod
965 1737 1085 1784 illum,
1120 1736 1215 1786 quoi
1253 1736 1370 1774 etiam
1409 1735 1556 1774 inimici

227 1804 390 1840 alterum
429 1804 691 1849 consulatum,
729 1804 884 1841 fortuna
914 1815 1108 1840 summam
1142 1800 1360 1850 potentiam
1392 1800 1553 1847 dederit,

171 1880 207 1912 25
228 1880 308 1904 non
337 1866 502 1905 arbitror
530 1868 611 1905 fore
646 1874 726 1904 tam
757 1874 955 1905 amentem
979 1874 1021 1904 ut
1050 1867 1148 1904 haec
1175 1865 1215 1903 in
1246 1865 1457 1904 discrimen
1489 1867 1556 1904 ad-

227 1931 355 1968 ducat.
417 1932 538 1979 Quod
568 1930 599 1968 si
628 1944 738 1968 ruere
767 1930 949 1980 coeperit,
972 1943 1021 1967 ne
1048 1943 1120 1979 ego
1149 1931 1272 1967 multa
1299 1929 1429 1976 timeo,
1454 1943 1554 1979 quae

227 2009 307 2033 non
337 1997 466 2034 audeo
496 1995 674 2034 scribere.
734 1997 812 2033 Sed
833 2003 875 2033 ut
904 2008 1008 2032 nunc
1029 2002 1097 2041 est,
1121 2008 1154 2033 a.
1176 1996 1213 2033 d.
1239 2007 1285 2033 111
1309 1996 1446 2034 Nonas
1469 1997 1551 2034 Ian.

225 2062 277 2098 ad
297 2061 434 2099 urbem
455 2060 595 2110 cogito.

269 2166 289 2194 6
313 2169 381 2194 tum
399 2175 481 2195 sane
504 2164 544 2194 I:
568 2169 720 2195 sanctum
746 2164 822 2193 M1:
848 2168 917 2194 tum
934 2168 1085 2193 sanctum
1111 2162 1167 2193 Μ2
1323 2174 1339 2202 7
1365 2163 1424 2204 ne]
1450 2174 1492 2194 ne
1517 2169 1552 2194 ut

226 2207 372 2237 Bouhier
504 2217 542 2245 19
567 2211 641 2237 ante
669 2207 793 2237 Balbus
821 2206 897 2237 add.
914 2212 946 2236 et
971 2206 1108 2246 Madvig
1296 2216 1337 2246 23
1361 2207 1457 2248 quoi]
1484 2217 1551 2246 quo

226 2250 279 2280 M·
296 2262 303 2280 :
327 2250 377 2280 cui
396 2249 453 2279 M2
472 2260 578 2290 marg.
714 2260 754 2289 24
779 2250 911 2280 dederit
929 2250 1012 2280 Pius
1028 2260 1035 2280 :
1060 2250 1200 2281 dederat
1223 2249 1310 2281 codd.
