1817 2832
191 120 307 158 VIII.
331 119 436 157 xiin
657 121 712 158 M.
745 119 914 157 TVLLI
945 118 1253 158 CICERONIS

285 232 407 280 Quod
437 230 570 281 putavi
603 238 641 269 et
670 229 902 280 praemonui
933 231 985 276 fit,
1015 236 1058 268 ut
1087 243 1160 268 nec
1190 228 1230 268 in
1259 229 1478 279 praesentia
1510 243 1617 269 com·

283 296 437 334 mittere
467 303 598 334 tecum
627 295 819 346 proelium
851 295 943 333 velit
966 303 1005 333 et
1035 294 1220 333 omnibus
1254 294 1377 345 copiis
1408 295 1615 334 conductis

283 367 322 398 te
349 359 533 410 implicet,
560 374 610 399 ne
643 362 695 399 ad
726 374 790 399 me
821 360 894 398 iter
926 359 997 398 tibi
1029 359 1255 409 expeditum
1289 359 1339 398 sit
1371 366 1490 409 atque
1522 360 1615 399 istas

284 425 418 475 copias
449 425 687 475 coniungere
716 425 956 475 optimorum
984 424 1128 463 civium
1152 424 1278 475 possis
1305 438 1395 463 cum
1421 424 1480 463 his
1501 425 1617 475 legio-

284 490 401 529 nibus
428 493 478 529 de
507 505 673 541 quarum
703 493 905 530 voluntate
934 490 1172 529 dubitamus.
1232 491 1325 538 Quo
1354 489 1472 528 etiam
1493 490 1615 540 magis
1636 499 1652 530 5

285 555 361 594 tuis
391 556 527 594 litteris
555 570 641 595 sum
669 565 904 595 commotus.
965 557 1108 606 Neque
1139 555 1244 594 enim
1276 569 1412 594 eorum
1447 555 1615 594 militum

285 634 384 671 quos
415 635 571 660 mecum
603 623 732 661 habeo
751 623 953 660 voluntate
980 621 1071 659 satis
1101 622 1261 660 confido
1290 628 1333 659 ut
1353 623 1403 660 de
1430 620 1615 660 omnibus

284 686 449 725 fortunis
471 687 524 725 rei
545 687 727 737 publicae
749 687 935 725 dimicem
963 700 1092 736 neque
1112 686 1230 725 etiam
1251 686 1319 737 qui
1339 700 1386 725 ex
1406 685 1615 725 dilectibus

284 752 495 802 conscripti
517 761 607 791 sunt
627 753 856 791 consulibus
877 759 1156 790 convenerunt.

240 824 265 851 2
339 818 429 866 Qua
445 831 484 856 re
505 819 555 856 da
575 831 746 868 operam,
763 817 794 855 si
810 819 888 855 ulla
903 817 1053 856 ratione
1069 817 1186 856 etiam
1201 830 1307 855 nunc
1320 817 1472 856 efficere
1487 824 1612 868 potes,
1637 833 1676 856 10

283 889 325 919 ut
346 890 383 920 te
404 883 584 932 explices,
608 884 685 921 hoc
709 897 828 933 quam
858 882 1028 933 primurn
1049 882 1197 931 venias,
1216 890 1308 922 ante
1335 896 1454 933 quam
1475 896 1614 921 omnes

283 946 420 997 copiae
450 949 504 985 ad
527 948 793 986 adversarium
827 947 1075 986 conveniant.
1135 949 1276 998 Neque
1303 947 1409 986 enim
1439 947 1615 986 celeriter

282 1024 328 1049 ex
352 1011 561 1050 dilectibus
583 1014 658 1050 hoc
680 1012 861 1051 homines
888 1012 1098 1051 convenire
1119 1020 1284 1062 possunt
1304 1020 1353 1060 et,
1376 1012 1408 1051 si
1432 1013 1615 1052 conveni-

280 1084 375 1123 rent,
409 1085 601 1127 quantum
633 1077 678 1115 iis
709 1077 1039 1116 committendum
1070 1078 1118 1116 sit
1148 1077 1215 1128 qui
1246 1077 1347 1116 inter
1379 1091 1421 1116 se
1451 1092 1502 1117 ne
1530 1078 1614 1117 noti

279 1143 427 1191 quidem
449 1150 540 1181 sunt
560 1150 697 1181 contra
716 1150 919 1181 veteranas
939 1142 1112 1193 legiones
1132 1156 1214 1181 non
1234 1149 1272 1181 te
1291 1142 1483 1194 praeterit.
1637 1156 1673 1189 15

322 1333 441 1369 XIII
582 1338 652 1370 Ser.
674 1339 706 1369 in
723 1338 904 1369 Formiano
922 1338 963 1370 K.
983 1337 1083 1369 Mart.
1104 1348 1136 1369 α.
1160 1348 1214 1378 705
1233 1337 1320 1379 (49).

695 1415 869 1446 CICERO
894 1415 1065 1446 ATTICO
1092 1414 1192 1446 SAL.

242 1502 259 1529 1
334 1492 600 1544 Lippitudinis
621 1507 732 1532 meae
753 1493 907 1544 signum
929 1493 1000 1531 tibi
1027 1493 1075 1532 sit
1101 1492 1231 1531 librari
1252 1507 1392 1532 manus
1413 1501 1451 1532 et
1471 1495 1611 1533 eadem

277 1571 396 1596 causa
428 1558 625 1597 brevitatis
643 1573 652 1606 ;
692 1558 764 1596 etsi
796 1572 902 1596 nunc
934 1558 1095 1608 quidem
1127 1559 1236 1608 quod
1270 1558 1479 1598 scriberem
1514 1559 1612 1597 nihil

277 1630 368 1660 erat.
429 1623 570 1661 Omnis
591 1623 830 1673 exspectatio
859 1631 991 1661 nostra
1015 1631 1096 1661 erat
1116 1623 1155 1660 in
1180 1623 1327 1661 nuntiis
1350 1623 1607 1662 Brundisinis.
1631 1637 1671 1660 20

278 1687 317 1725 Si
344 1695 481 1725 nactus
509 1687 571 1724 hie
599 1697 699 1724 esset
722 1689 903 1724 Gnaeum
931 1695 1119 1734 nostrum,
1143 1700 1232 1736 spes
1257 1688 1378 1726 dubia
1402 1688 1519 1737 pacis,
1549 1687 1610 1726 sin

278 1751 343 1790 ille
375 1760 467 1790 ante
499 1751 736 1798 tramisisset,
772 1751 924 1789 exitiosi
956 1751 1047 1789 belli
1080 1760 1219 1790 metus.
1276 1753 1354 1790 Sed
1379 1752 1540 1791 videsne
1570 1752 1610 1791 in

278 1830 397 1866 quem
428 1816 630 1853 hominem
655 1816 834 1854 inciderit
858 1829 918 1854 res
946 1816 1114 1866 publica,
1138 1830 1256 1866 quam
1286 1824 1458 1863 acutum,
1490 1830 1609 1867 quam

277 1881 513 1931 vigilantem,
536 1895 654 1930 quam
679 1883 890 1931 paratum?
946 1881 985 1920 Si
1016 1895 1079 1919 me
1104 1883 1262 1920 hercule
1282 1881 1483 1920 neminem
1511 1881 1611 1920 occi-

277 1946 377 1985 derit
416 1960 488 1984 nec
527 1946 712 1995 cuiquam
752 1946 964 1996 quicquam
1002 1946 1204 1993 ademerit,
1244 1947 1295 1984 ab
1333 1946 1378 1984 iis
1417 1946 1485 1996 qui
1518 1960 1609 1985 eum
1629 1960 1670 1993 25

234 2020 258 2048 2
279 2011 446 2049 maxime
494 2011 704 2049 timuerant
749 2011 918 2050 maxime
962 2011 1154 2061 diligetur.
1233 2013 1407 2049 Multum
1454 2025 1610 2050 mecum

277 2076 533 2126 municipales
572 2076 753 2114 homines
792 2077 1015 2126 loquuntur,
1057 2078 1225 2114 multum
1264 2075 1475 2124 rusticani,
1514 2075 1610 2114 nihil

323 2193 334 2211 1
363 2184 437 2211 (mle
455 2181 490 2211 fit
508 2180 582 2211 add.
606 2180 677 2210 sore
697 2179 751 2209 M2'
770 2181 915 2221 (nimy.)
1062 2190 1082 2219 3
1108 2180 1305 2220 expeditum
1324 2179 1380 2210 M²
1396 2192 1403 2211 z
1429 2181 1609 2219 expediam

276 2225 328 2255 ΖΜ1
346 2237 351 2255 :
387 2225 582 2264 expeditum
613 2225 676 2254 iam
703 2224 862 2255 Bzi‘clzclcr
1021 2235 1042 2264 9
1067 2229 1141 2255 ante
1162 2224 1357 2255 consulibus
1382 2224 1457 2255 add.
1478 2234 1497 2253 a
1514 2224 1604 2264 vulg.

278 2279 312 2298 11
343 2270 415 2307 hoc,
438 2269 473 2305 (ᾖ
497 2278 535 2298 12
553 2278 571 2298 c
589 2279 630 2297 2:
666 2270 729 2298 huc
756 2269 844 2307 vulg.
865 2280 871 2298 :
907 2273 940 2299 et
966 2268 1031 2298 huc
1060 2268 1080 2298 I
1246 2279 1283 2298 12
1309 2268 1350 2298 ad
1377 2268 1607 2298 adversarium

273 2312 404 2342 Baiter:
429 2323 496 2343 om.
511 2312 552 2342 acl
571 2311 669 2351 codd„
685 2312 723 2352 cs.
746 2311 889 2351 chssfflin
902 2314 908 2328 ‘
921 2312 1046 2342 Archiv
1057 2311 1064 2323 '
1082 2312 1123 2342 iv.
1138 2321 1158 2350 3
1174 2322 1180 2341 :
1205 2312 1475 2342 adversariorum
1492 2311 1604 2349 Rom„

274 2356 310 2395 cf
332 2356 381 2385 De
406 2356 480 2386 Dz'v.
499 2356 530 2385 ii.
551 2365 613 2394 52:
650 2356 834 2387 adversarii
853 2356 887 2386 in
914 2366 1016 2386 unum
1040 2356 1118 2387 coni.
1142 2355 1245 2386 Ori-lli
1362 2364 1401 2394 13
1426 2355 1488 2385 huc
1514 2354 1602 2395 vulg.

280 2409 317 2439 15
341 2400 477 2438 quidem
495 2398 570 2431 add.
591 2402 661 2430 vett.
