1817 2832
682 140 794 178 EPP.
827 140 905 177 AD
935 140 1194 180 ATTICVM
1526 142 1572 178 V.
1596 140 1673 177 xiii

269 249 497 289 mutationis
521 249 604 289 eius
626 264 744 301 quam
766 259 895 290 tecum
921 251 994 290 feci
1015 252 1132 291 edidi.
1191 253 1296 302 Ergo
1317 253 1413 291 haec
1434 264 1594 302 quoque

269 316 468 353 hactenus.

322 381 461 419 Redeo
477 382 528 419 ad
545 381 704 419 urbana.
755 383 829 420 Per
844 383 1017 420 fortunas
1035 385 1041 420 1
1069 382 1256 432 quoniam
1272 384 1424 421 Romae
1446 396 1590 429 manes,
1614 388 1638 425 3

265 444 435 494 primum
471 445 567 484 illud
602 446 789 496 praefulci
820 455 938 496 atque
976 447 1180 497 praemuni
1212 461 1358 496 quaeso
1393 456 1434 486 ut
1473 447 1593 485 simus

227 525 244 557 5
264 509 399 557 annui,
425 524 474 549 ne
501 509 749 549 intercaletur
775 511 948 561 quidem.
1009 512 1165 550 Deinde
1192 512 1350 550 exhauri
1378 526 1465 550 mea
1489 526 1593 550 man-

264 575 356 612 data
382 575 629 625 maximeque
656 575 687 613 si
714 576 810 625 quid
837 584 966 626 potest
990 577 1040 614 de
1070 576 1136 614 illo
1163 577 1382 615 domestico
1409 579 1593 626 scrupulo

264 652 383 688 quem
406 653 486 677 non
512 639 675 689 ignoraS,
700 640 793 679 dein
814 642 864 679 de
886 641 1052 679 Caesare
1078 641 1188 679 cuius
1214 641 1251 678 in
1277 641 1533 691 cupiditatem
1555 649 1593 680 te

262 712 421 742 auctore
442 704 603 742 incubui
628 718 700 743 nec
728 719 790 743 me
811 705 926 755 piget.
983 707 1034 742 Et
1054 705 1085 742 si
1106 705 1297 755 intellegis
1318 720 1436 755 quarn
1458 720 1591 744 meum

262 768 310 806 sit
331 768 428 807 scire
449 776 486 807 et
507 783 639 807 curare
656 769 751 819 quid
772 769 812 807 in
833 784 872 808 re
892 769 1050 820 publica
1071 771 1259 808 fiat—fiat
1280 773 1441 809 autem?
1468 771 1590 809 immo

204 847 242 869 10
262 846 353 871 vero
383 833 500 872 etiam
530 833 625 884 quid
655 836 827 872 futurum
857 834 914 881 sit,
944 835 1140 885 perscribe
1173 837 1224 873 ad
1255 849 1317 874 me
1347 836 1492 883 omnia,
1520 837 1590 875 sed

261 897 559 947 diligentissime
598 897 867 948 imprimisque
906 898 1048 948 ecquid
1088 898 1322 937 iudiciorum
1362 907 1484 938 status
1523 907 1590 938 aut

260 963 451 1000 factorum
480 970 547 1001 aut
574 964 791 1002 futurorum
821 963 939 1001 etiam
969 964 1129 1001 laboret.
1191 965 1252 1002 De
1281 977 1396 1013 aqua,
1421 963 1452 1003 si
1473 978 1587 1004 curae

258 1034 326 1073 est,
351 1027 382 1065 si
403 1027 499 1077 quid
521 1028 724 1078 Philippus
748 1035 836 1078 aget
856 1027 1153 1066 animadvertes,

299 1145 409 1180 XIV
578 1148 649 1180 Scr.
674 1148 834 1179 Trallibus
849 1148 885 1180 vi
897 1148 938 1179 K.
955 1147 1043 1180 Sext.
1060 1159 1090 1180 a.
1111 1159 1165 1189 705
1182 1148 1194 1191 (
1204 1151 1270 1188 51).

200 1227 235 1258 15
672 1220 847 1253 CICERO
871 1220 1042 1252 ATTICO
1068 1221 1167 1252 SAL.

308 1295 412 1331 Ante
442 1306 561 1343 quam
595 1292 727 1343 aliquo
760 1294 849 1331 loco
883 1294 1114 1342 consedero,
1144 1308 1272 1344 neque
1302 1296 1437 1345 longas
1467 1309 1490 1333 a
1519 1308 1582 1334 me
1601 1303 1618 1330 1

253 1372 383 1409 neque
410 1373 564 1409 semper
592 1373 680 1397 mea
709 1373 828 1397 manu
855 1358 1001 1397 litteras
1031 1360 1274 1409 exspectabis
1290 1375 1299 1407 ,-
1332 1374 1422 1398 cum
1449 1368 1582 1399 autem

253 1423 323 1462 erit
344 1423 526 1473 spatium,
540 1431 749 1474 utrumque
770 1425 988 1474 praestabo.
1043 1425 1162 1462 Nunc
1183 1424 1254 1462 iter
1274 1425 1581 1464 conficiebamus

251 1495 433 1526 aestuosa
454 1496 492 1526 et
512 1490 782 1538 pulverulenta
802 1488 873 1526 via.
936 1489 1133 1526 Dederam
1153 1489 1312 1538 Epheso
1332 1488 1456 1538 pridie
1470 1504 1480 1537 ,-
1510 1490 1580 1528 has

193 1570 231 1591 20
251 1552 343 1591 dedi
364 1552 570 1591 Trallibus.
632 1555 680 1591 In
709 1552 910 1602 provincia
945 1567 1032 1591 mea
1063 1554 1144 1591 fore
1177 1567 1239 1591 nie
1268 1554 1456 1603 putabam
1488 1555 1575 1592 Kal.

249 1617 469 1655 Sextilibus.
529 1619 589 1655 Ex
622 1631 668 1655 ea
702 1617 779 1665 die,
809 1617 840 1655 si
876 1631 938 1655 me
976 1631 1098 1665 amas,
1132 1619 1362 1670 παράπηγμα
1396 1621 1579 1658 ἐνιαύσιον

248 1689 509 1720 commoveto.
571 1683 727 1720 Interea
747 1690 879 1720 tamen
907 1683 1004 1720 haec
1030 1682 1126 1721 mihi
1146 1696 1246 1732 quae
1267 1684 1407 1721 vellem
1431 1684 1577 1722 adfere-

247 1746 401 1794 bantur,
422 1746 592 1796 primum
620 1746 744 1785 otium
766 1746 1006 1794 Parthicum>
1027 1746 1119 1785 dein
1146 1749 1349 1786 confectae
1373 1748 1575 1798 pactiones

246 1811 558 1861 publicanorum,
588 1820 787 1861 postremo
819 1812 960 1850 seditio
995 1812 1163 1850 militum
1195 1813 1330 1850 sedata
1362 1814 1412 1851 ab
1442 1813 1574 1863 Appio

188 1890 224 1921 25
246 1876 566 1926 stipendiumque
587 1876 642 1915 eis
663 1890 788 1926 usque
808 1878 858 1915 ad
881 1879 977 1915 Idus
1000 1877 1187 1925 Quintilis
1209 1879 1462 1927 persolutum.

299 1942 384 1979 Nos
406 1941 500 1979 Asia
522 1943 674 1991 accepit
693 1941 984 1980 admirabiliter.
1044 1944 1250 1980 Adventus
1271 1950 1402 1981 noster
1423 1943 1570 1981 nemini
1590 1951 1613 1978 2

244 2019 288 2042 ne
308 2005 472 2043 minimo
493 2006 654 2055 quidem
675 2006 746 2044 fuit
767 2006 950 2056 sumptui.
1010 2008 1132 2056 Spero
1153 2021 1262 2046 meos
1283 2008 1411 2046 omnis
1432 2009 1572 2047 servire

243 2070 349 2108 laudi
371 2084 492 2108 meae.
533 2072 686 2109 Tamen
706 2085 849 2121 magno
877 2072 1015 2110 timore
1036 2085 1122 2109 sum
1144 2073 1213 2111 sed
1235 2073 1336 2112 bene
1357 2087 1568 2123 speramus,

287 2175 307 2203 6
331 2173 411 2212 quid
438 2172 564 2213 potest]
582 2173 718 2212 quidem
737 2178 833 2212 potes
851 2173 963 2205 Moser
1056 2176 1214 2214 scrupulo
1245 2176 1382 2205 Vrsinus
1399 2187 1406 2206 τ
1429 2187 1569 2215 scrupu-

244 2217 311 2245 lum
343 2216 383 2246 M
406 2216 460 2255 (δι’.
489 2216 529 2245 ab
561 2217 702 2246 exhauri
724 2217 895 2256 pendens„
945 2217 1069 2247 Locum
1109 2220 1152 2248 ita
1178 2219 1305 2258 refingit
1335 2219 1447 2249 Moscr
1471 2221 1568 2250 deme

245 2260 335 2289 illum
359 2260 577 2289 domesticum
603 2261 796 2298 scrupulum
931 2270 966 2290 11
1003 2261 1249 2302 imprimisque]
1285 2263 1448 2301 imprimis
1479 2274 1568 2294 nunc

245 2303 299 2331 Μ2
391 2303 510 2341 ecquid
539 2303 681 2333 Rosius:
703 2304 782 2341 quid
810 2303 889 2333 M¹z
921 2314 1000 2334 num
1031 2305 1111 2343 quid
1138 2304 1254 2336 Lamb.
1283 2316 1321 2335 ex
1343 2306 1396 2335 M²
1528 2317 1565 2336 21

244 2356 296 2375 me
314 2356 407 2376 amas
423 2349 492 2376 vell.
510 2357 516 2376 ε
543 2356 634 2375 meas
651 2344 729 2374 MZt
827 2358 867 2376 22
890 2347 1022 2377 Interea
1041 2353 1154 2378 tamen
1174 2351 1196 2378 Σ
1213 2360 1218 2378 ;
1254 2354 1365 2378 tamen
1385 2350 1515 2379 interca
1540 2355 1568 2380 Δ

243 2399 281 2426 27
310 2399 350 2418 ne
369 2388 443 2419 add.
463 2393 533 2420 velt.
647 2390 756 2427 Spero
775 2389 813 2419 M
841 2402 846 2420 :
873 2401 934 2430 per
951 2390 1005 2420 M¹
1128 2392 1169 2421 28
1195 2392 1227 2421 in
1245 2402 1367 2430 magno
1382 2392 1409 2421 L
1428 2396 1567 2434 tuzmg.)

241 2442 416 2471 speramus
428 2432 521 2463 Mem.
538 2443 544 2464 :
570 2442 725 2473 paramus
743 2431 784 2462 M
