1817 2832
141 125 210 163 IV.
230 125 339 167 xviii
631 125 686 161 M.
719 124 888 161 TVLLI
920 124 1226 163 CICERONIS

260 243 299 274 et
321 249 441 286 prope
467 236 606 274 adesse
633 234 711 272 iarn
731 235 865 273 debeS.
925 235 1020 273 Non
1041 248 1105 273 me
1128 236 1286 275 hercule
1305 250 1434 287 aequo
1461 236 1595 275 animo

261 308 299 340 te
319 314 433 339 careo
448 315 457 347 3
487 308 524 339 te
548 307 681 338 autem
703 299 799 349 quid
823 299 976 347 mirum,
999 300 1067 350 qui
1089 300 1325 350 Dionysium
1346 309 1456 340 tanto
1477 316 1595 352 opere

260 366 510 405 desiderem?
551 366 683 414 Quem
700 365 861 415 quidem
883 366 954 404 abs
975 372 1013 403 te
1033 379 1123 403 cum
1145 365 1229 404 dies
1244 367 1393 405 venerit
1409 374 1447 405 et
1463 381 1536 417 ego
1557 375 1595 405 et

261 430 401 469 Cicero
428 443 539 468 meus
568 429 768 479 flagitabit.
828 430 913 468 Abs
940 437 978 468 te
1001 429 1198 480 proximas
1224 430 1369 469 litteras
1396 431 1594 470 habebam

261 496 421 546 Epheso
444 508 476 533 a.
501 496 538 534 d.
562 506 587 532 v
609 496 706 533 Idus
731 495 861 534 Sextil.
886 497 1007 534 datas.
1616 509 1633 540 5

302 607 414 643 XIX
435 606 617 654 [XVII]
668 610 738 643 Ser.
759 611 888 642 Romae
903 623 949 642 cx.
972 623 1015 642 m.
1037 611 1118 643 Nov.
1139 622 1169 644 α.
1191 622 1250 652 700
1267 611 1358 653 (54).

674 688 844 720 CICERO
867 688 1050 720 ATTICO
1071 688 1177 721 SAL.

223 773 241 800 1
313 767 349 806 O
381 774 625 818 exspectatas
659 766 756 805 mihi
787 774 873 805 tuas
907 767 1076 806 litteras!
1116 781 1140 806 o
1170 775 1323 818 gratum
1354 769 1594 807 adventum!

258 844 283 870 o
314 832 577 870 constantiam
608 831 790 882 promissi
824 839 862 870 et
893 833 1013 870 fidem
1045 832 1208 870 miram!
1248 846 1272 871 o
1303 832 1593 882 navigationem

257 898 469 935 amandam
488 900 493 935 l
529 910 648 946 quam
670 910 733 935 me
754 898 912 935 hercule
933 911 1006 947 ego
1025 898 1140 935 valde
1166 896 1356 935 timebam
1383 898 1594 935 recordans
1616 910 1652 932 10

258 962 466 1013 superioris
491 970 581 1000 tuae
601 962 908 1001 transmissionis
929 963 1073 1012 δέρρεις.
1132 963 1211 1001 Sed
1236 962 1310 1001 nisi
1334 964 1455 1009 fallor,
1479 961 1593 1000 citius

258 1035 296 1067 te
337 1042 456 1078 quam
500 1027 636 1066 scribis
677 1028 833 1067 videbo.
905 1029 1037 1068 Credo
1080 1028 1186 1067 enim
1227 1035 1265 1067 te
1308 1036 1466 1079 putasse
1506 1035 1592 1066 tuas

257 1093 438 1131 mulieres
472 1092 512 1131 in
544 1093 689 1143 Apulia
723 1107 818 1132 esse.
884 1095 1005 1143 Quod
1039 1107 1130 1131 cum
1165 1107 1277 1132 secus
1311 1093 1392 1139 erit,
1426 1092 1522 1142 quid
1555 1100 1592 1130 te

256 1158 402 1208 Apulia
435 1161 637 1196 moretur?
684 1160 793 1196 Num
820 1158 1004 1197 Vestorio
1042 1157 1164 1196 dandi
1203 1165 1293 1196 sunt
1332 1157 1416 1196 dies
1455 1164 1493 1196 et
1527 1156 1591 1195 ille

257 1224 421 1262 Latinus
446 1225 662 1275 ἀττικισμὸς
685 1237 731 1262 ex
755 1223 959 1263 intervallo
985 1225 1273 1274 regustandus?
1321 1223 1429 1272 Quin
1450 1230 1491 1261 tu
1513 1225 1591 1261 huc
1613 1234 1649 1265 15

255 1291 416 1328 advolas
460 1297 498 1328 et
536 1290 669 1328 invisis
708 1289 810 1328 illius
853 1297 1009 1328 nostrae
1053 1289 1107 1328 rei
1146 1289 1328 1339 publicae
1366 1290 1591 1327 †Germane

255 1355 389 1406 putavi
414 1357 464 1394 de
494 1355 692 1395 nummis‘l‘
721 1363 813 1393 ante
842 1355 1002 1393 comitia
1028 1354 1203 1393 tributim
1231 1368 1312 1393 uno
1338 1355 1427 1393 loco
1455 1353 1590 1393 divisis

33 1417 169 1469 (xV111.
195 1419 236 1471 3)
255 1422 396 1470 palam,
420 1420 512 1459 inde
533 1421 759 1459 absolutum
777 1420 993 1459 Gabinium
1014 1420 1248 1458 dictaturam
1270 1421 1420 1459 †fruere
1440 1418 1589 1458 iustitio

210 1494 292 1525 2et
327 1486 505 1525 omnium
544 1500 672 1525 rerum
710 1486 903 1525 licentia†.
963 1485 1146 1536 Perspice
1184 1485 1423 1535 aequitatem
1466 1484 1588 1523 animi

253 1551 331 1590 mei
361 1559 399 1590 et
426 1553 588 1592 †ludum
619 1559 657 1589 et
684 1551 1023 1601 contemptionem
1054 1550 1309 1589 Seleucianae
1338 1550 1588 1600 provinciae†
1609 1560 1648 1582 ²0

253 1625 292 1655 et
324 1631 386 1655 me
421 1618 579 1655 hercule
618 1630 708 1655 cum
750 1618 918 1655 Caesare
953 1615 1222 1654 suavissimam
1263 1614 1586 1655 coniunctionem

253 1682 368 1733 (haec
407 1683 512 1721 enim
552 1695 614 1720 me
653 1695 732 1720 una
768 1696 815 1720 ex
852 1683 929 1720 hoc
967 1680 1169 1730 naufragio
1207 1680 1341 1718 tabula
1374 1681 1586 1731 delectat);

252 1748 320 1798 qui
347 1748 507 1798 quidem
537 1747 731 1796 Quintum
768 1760 899 1785 meum
931 1753 1134 1795 tuumque,
1161 1745 1201 1783 di
1232 1744 1350 1783 boni!
1386 1759 1503 1795 quem
1534 1747 1586 1784 ad

252 1814 417 1852 modum
450 1820 587 1851 tractat
620 1814 783 1860 honore,
810 1811 1009 1861 dignitate,
1042 1810 1185 1861 gratia!
1224 1824 1305 1848 non
1335 1824 1447 1849 secus
1477 1824 1523 1849 ac
1554 1812 1585 1850 si

299 1927 334 1947 11
362 1915 491 1957 δέρρεις]
518 1920 663 1946 terrores
689 1915 766 1946 coni.
797 1914 881 1945 Reid
1014 1925 1051 1954 14
1079 1915 1166 1944 Num
1183 1914 1364 1955 Phrygas:
1402 1924 1479 1946 narn
1505 1913 1583 1945 M2:

252 1971 319 1992 om.
339 1959 392 1990 Ml
510 1961 614 1990 1648
640 1964 776 1989 nostrae
795 1983 800 1989 .
820 1984 826 1990 .
847 1983 854 1990 .
878 1958 1057 1990 Gabinium
1078 1958 1360 1997 transponendum
1379 1958 1425 1989 ad
1442 1960 1490 1990 18.
1516 1970 1526 1988 1
1549 1962 1587 1989 ut

251 2005 377 2034 habeas
391 2004 425 2044 (l.
441 2004 497 2042 25)
512 2007 674 2043 sequentur7
695 2007 723 2033 et
739 2013 855 2033 verum
874 2003 918 2032 ibi
932 2002 1104 2042 lcgmdmn
1122 2007 1185 2042 pro
1202 2013 1313 2032 rerum
1327 2005 1423 2043 putat
1442 2003 1582 2033 Gnrlill:

251 2052 323 2078 tum
342 2047 390 2078 ln‘c
405 2048 493 2078 illius
507 2051 585 2077 essct
602 2047 742 2086 Pompei
833 2047 1020 2086 Germane]
1034 2056 1214 2084 germanae
1228 2057 1269 2076 ne
1284 2047 1432 2076 umbram
1447 2047 1583 2086 quidem

251 2092 317 2122 coll.
344 2092 399 2122 vii.
431 2102 476 2121 11.
508 2102 535 2127 ῐ,
560 2091 610 2121 vel
629 2101 810 2129 germanae
841 2091 1020 2128 imaginem
1047 2089 1113 2120 coll.
1137 2090 1218 2129 ch.
1246 2090 1277 2120 ii.
1300 2100 1352 2129 52,
1376 2089 1582 2129 H'cscnsmgr:

251 2146 428 2174 germanas
440 2145 554 2174 gerras
567 2136 647 2165 coni.
661 2134 746 2164 Reid
807 2144 855 2172 17,
874 2135 911 2163 18
929 2133 996 2172 peti
1009 2134 1085 2163 vide
1100 2157 1106 2164 .
1126 2157 1132 2163 .
1152 2157 1158 2163 .
1176 2133 1295 2172 palam,
1305 2135 1382 2164 vide
1393 2133 1582 2164 absolutum

252 2178 346 2210 ,Mam
365 2191 370 2210 :
390 2180 557 2218 dispirtavl
579 2203 585 2209 .
603 2203 611 2210 .
633 2204 639 2209 .
659 2178 777 2217 palam,
800 2178 879 2207 inde
897 2177 1085 2207 absolutum
1104 2176 1244 2217 Madvig
1358 2178 1396 2207 18
1422 2178 1580 2207 dictatum

253 2224 356 2253 fluere
374 2218 438 2253 Zs':
465 2223 664 2253 dictaturam
682 2222 812 2251 fervere
831 2220 1039 2251 Mommsen:
1077 2230 1171 2259 remp
1201 2221 1233 2250 in
1260 2221 1458 2251 dictaturam
1483 2231 1581 2251 ruere

253 2267 394 2306 M'advig
548 2277 590 2296 ρο
615 2266 726 2296 ludum
746 2264 796 2304 et]
815 2264 914 2294 lauda
938 2274 1045 2294 meam
1064 2265 1140 2294 com'.
1161 2264 1245 2293 Boot
1393 2265 1582 2295 Selicianae

252 2312 373 2340 unciae
393 2310 440 2340 C:
469 2310 656 2340 Felicianae
683 2309 801 2339 unciae
826 2308 948 2348 Tyrrcll
974 2308 1039 2338 coll.
1067 2308 1104 2346 Q.
1124 2308 1177 2338 Fr.
1204 2308 1248 2338 iii.
1269 2308 1297 2338 8.
1318 2318 1362 2346 9:
1387 2309 1499 2338 ludum
1518 2332 1524 2338 .
1547 2332 1553 2338 .
1573 2331 1580 2338 .

251 2354 445 2392 provinciae
460 2353 741 2392 lransponendmu
763 2355 838 2392 post
863 2351 1042 2381 Gabinium
1061 2355 1159 2381 censet
1175 2351 1259 2381 Reid
1276 2352 1335 2390 qni
1351 2351 1581 2381 Seleucianmn

244 2398 450 2437 provinciam
469 2397 619 2436 intelh‘git
643 2407 707 2426 csse
727 2395 862 2434 Syriam
886 2406 969 2434 quae
981 2394 1097 2433 suerat
1117 2400 1199 2435 pars
1225 2395 1317 2435 regni
1338 2394 1580 2425 Scleucidarum
