1790 2837
0 965 51 1007 'm

104 143 134 180 1.
154 142 232 179 xix
518 141 574 179 M.
607 140 776 178 TVLLI
808 140 1114 179 CICERONIS

111 263 135 300 3
155 252 266 291 filius.
326 254 460 302 Atque
494 252 572 289 hoc
605 251 694 289 loco
733 249 830 288 illud
865 263 946 288 non
985 263 1089 300 queo
1119 250 1336 300 praeterire,
1374 251 1483 301 quod

153 332 245 357 cum
265 319 316 356 de
337 315 610 355 consularibus
631 329 719 353 mea
739 315 865 364 prima
886 328 968 352 sors
989 314 1140 361 exisset,
1159 329 1239 354 una
1256 329 1354 354 voce
1375 328 1484 353 sena-

152 390 214 421 tus
241 384 425 432 frequens
457 381 709 419 retinendum
742 394 806 418 me
837 379 877 418 in
907 380 1003 418 urbe
1028 379 1190 418 censuit.
1251 382 1345 418 Hoc
1374 379 1482 418 idem

153 455 242 498 post
270 461 332 485 me
354 446 547 496 Pompeio
574 445 729 493 accidit,
753 453 795 483 ut
823 459 895 483 nos
923 446 1004 483 duo
1029 444 1139 495 quasi
1159 444 1323 495 pignora
1342 444 1396 483 rei
1416 459 1484 495 pu·
1507 456 1511 474 ⁷

153 511 279 550 blicae
308 511 464 550 retineri
494 511 725 549 videremur.
788 510 897 559 Quid
925 509 1031 548 enim
1057 523 1131 559 ego
1157 509 1323 547 aliorum
1352 509 1392 547 in
1420 523 1484 548 me
1504 526 1520 557 5

152 578 419 628 ἐπιφωνήματα
439 585 662 627 exspectem
684 590 776 614 cum
797 577 894 614 haec
915 575 1026 614 domi
1046 577 1287 614 nascantur?

105 655 132 692 4
206 643 390 681 Vrbanae
413 650 547 681 autem
568 655 628 680 res
650 641 705 680 sic
733 655 774 680 se
806 641 964 679 habent.
1024 639 1186 690 Agraria
1209 641 1271 678 lex
1298 653 1322 678 a
1348 639 1484 679 Flavio

152 707 311 746 tribuno
340 709 390 758 pl.
415 710 669 746 vehementer
696 707 916 757 agitabatur
945 713 1105 744 auctore
1136 705 1328 754 Pompeio
1343 720 1353 753 3
1383 719 1484 755 quae

151 773 248 811 nihil
268 775 457 823 populare
477 774 650 812 habebat
670 780 822 823 praeter
845 780 1057 810 auctorem.
1119 773 1178 809 Ex
1201 772 1275 809 hac
1301 784 1375 820 ego
1399 773 1484 820 lege

151 840 327 877 secunda
356 838 552 877 contionis
582 840 784 876 voluntate
818 837 953 876 omnia
986 837 1052 875 illa
1085 837 1272 875 tollebam
1303 849 1404 886 quae
1432 837 1484 874 ad
1508 853 1544 874 10

151 903 390 954 privatorum
438 903 740 942 incommodum
784 902 1045 953 pertinebant,
1085 901 1301 940 liberabam
1348 914 1484 950 agrum

72 961 127 995 Α·
151 983 243 1008 eum
264 969 331 1019 qui
353 971 393 1007 P.
415 968 562 1015 Mucio,
583 970 626 1006 L.
646 968 862 1018 Calpurnio
884 967 1113 1006 consulibus
1133 966 1315 1017 publicus
1337 966 1481 1013 fuisset,

152 1036 403 1073 Sullanorum
437 1033 646 1072 hominum
680 1032 951 1083 possessiones
985 1032 1281 1078 confirmabam,
1309 1032 1485 1069 Volater-

151 1113 267 1138 ranos
301 1107 340 1138 et
368 1092 583 1146 Arretinos,
606 1112 775 1148 quorum
801 1111 937 1148 agrum
969 1099 1076 1136 Sulla
1105 1096 1323 1147 publicarat
1354 1109 1484 1146 neque

152 1165 345 1211 diviserat,
380 1165 420 1203 in
459 1178 529 1203 sua
566 1163 816 1214 possessione
854 1163 1096 1211 retinebam3
1136 1177 1256 1200 unam
1291 1162 1484 1201 rationem
1507 1178 1542 1210 15

152 1244 234 1269 non
268 1230 488 1277 reiciebam,
521 1236 564 1267 ut
592 1242 682 1279 ager
710 1230 785 1266 hac
817 1228 1040 1267 adventicia
1074 1229 1243 1278 pecunia
1278 1236 1484 1277 emeretur,

152 1309 254 1346 quae
283 1310 330 1334 ex
360 1295 472 1334 novis
503 1294 759 1344 vectigalibus
789 1308 858 1344 per
888 1294 1204 1344 quinquennium
1236 1294 1481 1344 reciperetur.

154 1361 262 1399 Huic
294 1361 365 1399 toti
396 1360 537 1399 rationi
575 1360 745 1410 agrariae
778 1367 935 1398 senatus
969 1361 1248 1398 adversabatur
1282 1360 1484 1410 suspicans

153 1426 345 1476 Pompeio
383 1440 528 1465 novam
567 1426 767 1476 quandam
806 1425 1025 1476 potentiam
1066 1426 1223 1476 quaeri3
1273 1426 1486 1477 Pompeius

152 1505 244 1530 vero
281 1492 332 1530 ad
371 1493 615 1530 voluntatem
653 1492 907 1541 perferendae
948 1491 1041 1541 legis
1082 1491 1324 1530 incubuerat.
1402 1493 1486 1541 Ego
1508 1504 1546 1525 20

152 1564 284 1595 autem
314 1570 456 1607 magna
476 1570 567 1595 cum
587 1555 825 1606 agrariorum
852 1556 973 1606 gratia
1001 1558 1284 1595 confirmabam
1307 1557 1485 1595 omnium

152 1621 391 1671 privatorum
411 1621 706 1672 possessiones3
736 1621 766 1658 is
788 1621 893 1659 enim
911 1629 969 1659 est
992 1630 1123 1660 noster
1144 1622 1334 1660 exercitus
1362 1622 1485 1660 homi-

153 1700 259 1733 num,
283 1694 324 1725 ut
352 1694 434 1725 tute
461 1687 545 1733 scis,
566 1686 849 1736 locupletium3
881 1690 1029 1737 populo
1060 1696 1191 1726 autem
1224 1696 1262 1727 et
1293 1687 1484 1738 Pompeio

153 1751 262 1801 (nam
284 1752 323 1790 id
345 1765 504 1801 quoque
524 1751 725 1801 volebam)
747 1751 838 1790 satis
860 1752 1051 1791 faciebam
1069 1754 1280 1804 emptione,
1297 1767 1374 1803 qua
1394 1767 1484 1791 con-

153 1816 287 1854 stituta
307 1817 513 1867 diligenter
539 1825 577 1856 et
604 1818 799 1856 sentinam
822 1820 927 1857 urbis
949 1820 1140 1858 exhauriri
1168 1828 1205 1858 et
1235 1820 1370 1858 Italiae
1398 1818 1484 1857 soli-
1506 1829 1541 1860 25

153 1881 332 1920 tudinem
366 1882 603 1932 frequentari
635 1897 751 1934 posse
783 1884 1006 1923 arbitrabar.
1067 1886 1145 1923 Sed
1180 1886 1277 1923 haec
1309 1893 1391 1923 tota
1425 1897 1484 1922 res

154 1947 398 1997 interpellata
437 1949 541 1986 bello
590 1949 795 1988 refrixerat.
876 1951 1061 1988 Metellus
1099 1957 1157 1988 est
1204 1951 1342 1988 consul
1391 1962 1484 1987 sane

156 2013 282 2050 bonus
313 2021 350 2051 et
381 2027 451 2051 nos
482 2015 700 2053 admodum
741 2014 889 2064 diligit3
929 2015 992 2053 ille
1021 2016 1117 2053 alter
1148 2015 1244 2053 nihil
1271 2015 1324 2053 ita
1355 2022 1413 2053 est
1442 2022 1485 2053 ut

111 2086 135 2125 5
155 2080 270 2128 plane
301 2078 397 2128 quid
429 2080 565 2118 emerit
595 2080 753 2119 nesciat.
818 2082 930 2119 Haec
960 2088 1050 2118 sunt
1080 2080 1119 2118 in
1149 2094 1189 2119 re
1217 2080 1385 2130 publica,
1409 2079 1483 2118 nisi

154 2143 271 2181 etiam
304 2143 401 2182 illud
432 2146 482 2183 ad
513 2158 594 2182 rem
627 2145 835 2197 publicam
855 2152 968 2195 putas
995 2144 1201 2195 pertinere,
1233 2144 1483 2184 Herennium
1505 2155 1544 2186 30

197 2248 218 2276 6
243 2251 424 2278 nascantur
459 2247 512 2277 N:
562 2247 783 2278 innascantur
809 2248 898 2278 ceteri
926 2248 1043 2279 codd.:
1083 2249 1126 2279 mi
1156 2253 1339 2280 nascantur
1365 2249 1488 2279 lllt'iller

159 2299 192 2319 11
221 2289 402 2320 liberabam
428 2289 546 2321 Mam:
571 2301 677 2321 -arem
698 2291 763 2322 cod.
791 2292 1006 2331 Poggmnus:
1046 2303 1152 2323 -aram
1179 2293 1264 2323 codd⁴
1384 2303 1425 2331 23
1449 2297 1483 2323 et

156 2333 222 2364 Ns:
246 2333 510 2365 om.cetem'cocld.
602 2336 643 2364 28
668 2335 750 2364 nihil
765 2336 813 2365 vel
829 2336 872 2365 nil
890 2335 976 2366 codd.
995 2347 1001 2365 :
1028 2337 1122 2366 nihili
1145 2335 1333 2377 lsVesenbmg
1441 2345 1484 2375 29

155 2377 235 2415 quid
253 2377 374 2407 emerit
392 2376 436 2408 C:
469 2377 606 2416 quidem
626 2378 690 2419 (vel
703 2378 798 2420 quid)
818 2379 881 2409 erit
899 2380 961 2419 ψεῖ
976 2384 1028 2410 est
1045 2380 1092 2410 vel
1108 2380 1163 2420 sit)
1183 2380 1273 2411 codd.
