1790 2837
706 135 1029 174 PRAEFATIO

205 250 289 284 R=
308 247 434 283 Codex
461 245 649 281 Parisinus
678 244 713 280 in
740 245 965 280 bibliotheca
990 243 1167 278 nationali
1195 244 1285 288 8538
1316 255 1413 278 anno
1444 252 1532 287 1419

361 305 518 350 scriptus
549 304 638 339 satis
665 305 913 348 neglegenter.
976 302 1151 338 Continet
1178 303 1275 347 Epp.
1301 302 1350 337 ad
1381 303 1482 337 Brut.
1511 302 1532 343 i,

364 364 408 409 Q.
428 364 500 405 Fr„
521 364 616 405 Oct„
635 365 713 398 Att.

258 452 299 489 R
328 457 366 489 et
395 451 438 488 P
459 448 615 500 gemelli
648 455 739 486 sunt
772 446 1140 497 interpolationibus
1175 446 1307 485 multis
1342 445 1534 496 inquinati

205 528 302 565 quas
329 514 369 553 in
399 514 572 565 margine
599 513 770 564 parentis
797 512 945 552 codicis
973 525 1057 551 esse
1077 511 1292 562 adscriptas
1312 512 1532 562 putandum

204 589 273 620 θεῖ.

205 675 301 710 Rav.
319 689 353 702 =
371 673 498 709 Codex
526 675 724 708 Ravennas
752 683 788 706 in
816 670 1040 706 bibliotheca
1071 668 1257 704 classensi
1290 670 1338 703 N.
1367 677 1442 712 137.
1460 678 1492 711 4.
1516 678 1534 702 2

363 733 473 767 saecl.
500 731 573 766 xiii.
640 721 813 766 Continet
842 730 938 774 Epp.
971 728 1019 763 ad
1050 729 1152 762 Brut.
1179 727 1188 761 i
1217 725 1353 771 (1-15)‚
1383 727 1430 770 Q.
1465 728 1534 769 Fr„

365 791 457 832 Oct„
486 791 563 824 Att.
592 789 712 830 i.-iii.;
739 788 787 823 iv.
819 797 894 830 1—4‚
926 787 967 822 16
995 784 1172 832 (partim),
1205 785 1269 827 183
1301 797 1335 819 v.
1365 786 1442 827 1—8,
1473 794 1535 826 10;

366 848 411 883 ix,
431 858 499 891 2-4
517 853 553 883 et
571 848 604 883 6.
624 846 640 893 ξ
661 857 683 891 4
700 847 748 882 ad
768 846 878 881 finem
897 857 954 890 ep.
975 844 1144 880 Caesaris
1164 843 1224 888 (ix.
1243 844 1264 878 6
1277 842 1325 888 a).

263 936 414 974 Omnes
444 934 484 972 hi
513 933 671 973 codices
701 932 888 972 exhibent
915 933 995 970 Att.
1028 930 1050 969 i.
1087 932 1144 968 18.
1182 943 1293 979 1-19.
1329 943 1385 976 11,
1418 942 1536 979 quam

208 1008 358 1051 partem
378 1002 434 1039 M
449 1000 604 1047 omittit,
627 1007 665 1038 et
692 999 718 1037 ii
744 998 832 1037 libri
852 997 920 1048 qui
945 997 1089 1035 librum
1109 995 1171 1034 xvi
1191 994 1396 1034 continent
1417 993 1539 1045 (prae-

209 1074 266 1106 ter
285 1066 330 1118 π)
350 1067 469 1105 verba
488 1067 637 1104 habent
657 1064 847 1115 epistulae
872 1066 916 1101 16
939 1076 1040 1113 quae
1061 1062 1100 1100 in
1121 1063 1180 1100 M
1192 1063 1346 1100 desunt.

209 1160 302 1195 Ant.
320 1175 354 1188 =
373 1159 500 1194 Codex
518 1158 555 1193 in
573 1158 798 1193 bibliotheca
815 1156 1028 1191 Antoniana
1044 1153 1213 1190 Venetiis
1232 1153 1305 1188 iam
1324 1153 1537 1198 deperditus

367 1229 439 1263 quo
459 1215 672 1261 Malaspina
691 1227 778 1250 usus
798 1221 864 1249 est.

211 1277 295 1310 F=
313 1276 439 1311 Codex
458 1274 591 1310 Faerni
610 1285 682 1319 quo
707 1272 917 1317 Malaspina
935 1283 1022 1306 usus
1040 1276 1106 1306 est.

210 1333 419 1369 Petrarcha
436 1348 471 1360 =
487 1332 727 1377 apographon
754 1342 776 1365 a
811 1329 938 1364 codice
974 1327 1175 1363 Veronensi
1210 1327 1435 1373 descriptum
1466 1337 1538 1372 quo

368 1403 456 1426 usus
476 1397 531 1425 est
549 1389 750 1425 Petrarcha
769 1388 807 1423 in
826 1388 834 1405 ‘
853 1386 1019 1422 Historia
1038 1386 1106 1421 Iuli
1127 1386 1320 1421 Caesaris.’

264 1479 367 1516 Rav.
389 1478 485 1515 Ant.
507 1478 551 1515 F.
580 1475 814 1514 petrarchae
843 1474 1088 1524 apographon
1120 1485 1258 1511 omnes
1288 1479 1330 1510 ut
1360 1471 1541 1510 videntur

211 1544 251 1582 in
272 1544 301 1585 Σ
321 1541 498 1593 ponendi
518 1547 619 1579 sunt.

267 1610 327 1647 Ex
347 1612 379 1645 Δ
401 1606 562 1646 deducti
583 1612 673 1644 sunt
693 1604 734 1642 hi
754 1603 912 1643 codices
932 1618 994 1642 :—

213 1701 442 1736 Aff=eodex
474 1699 666 1734 Mediceus
699 1698 783 1732 xlix.
817 1698 858 1732 18
894 1698 971 1732 sine
1006 1696 1117 1731 dubio
1152 1707 1174 1730 a
1205 1694 1411 1730 Veronensi
1445 1701 1541 1729 tran-

370 1756 552 1803 scriptus¹
582 1769 604 1792 a
638 1756 769 1791 scribis
802 1756 946 1790 circiter
978 1754 1152 1789 undecim
1179 1754 1240 1799 qui
1276 1753 1407 1788 Latine
1435 1754 1543 1798 plane

370 1816 586 1851 nesciebant
600 1815 778 1849 mandatu
794 1813 968 1859 Pasquini
984 1813 1031 1847 de
1047 1813 1206 1857 Capellis
1223 1812 1257 1846 in
1275 1824 1381 1846 usum
1396 1812 1543 1846 Colucci

372 1873 540 1916 Salutati,
577 1871 791 1907 Florentini.
844 1872 932 1906 Post
966 1877 1123 1905 mortem
1160 1870 1309 1905 Colucci
1345 1869 1382 1904 in
1412 1880 1543 1903 manus

375 1931 520 1966 Nicolai
555 1930 712 1972 Niccoli,
749 1936 826 1965 tum
863 1928 1045 1964 Leonardi
1082 1928 1207 1971 Bruni,
1241 1935 1372 1974 postea
1406 1928 1544 1962 Donati

372 1989 561 2033 Acciaioli‚
590 1988 748 2033 denique
782 1988 829 2022 ad
862 1987 1127 2022 bibliothecam
1164 1986 1449 2021 Laurentianam
1484 1986 1545 2020 ubi

373 2048 483 2083 hodie
507 2054 632 2082 restat.
685 2047 735 2081 Hi
762 2046 829 2081 viri
856 2045 953 2080 docti
981 2057 1120 2089 omnes,
1139 2052 1178 2080 ut
1206 2045 1363 2088 videtur,
1390 2045 1546 2078 adnota-

375 2107 495 2142 tiones
514 2105 735 2140 addiderunt
754 2116 845 2150 quas
870 2104 1034 2148 singulas
1053 2104 1249 2148 unicuique
1267 2102 1406 2138 auctori
1433 2102 1546 2136 adtri-

374 2165 487 2199 buere
511 2163 724 2198 doctissime
751 2170 903 2197 conatus
924 2170 981 2197 est
1000 2163 1045 2198 O.
1066 2164 1109 2196 E.
1130 2162 1299 2197 Schmidt
1313 2160 1325 2180 2
1344 2174 1350 2196 :
1379 2161 1445 2196 sed
1464 2170 1546 2194 curn

262 2263 271 2280 ¹
298 2262 477 2294 Coluccius
508 2261 624 2292 scribit
655 2270 744 2291 anno
779 2270 861 2299 1392
887 2263 996 2290 ‘nunc
1027 2264 1152 2299 quanto
1183 2258 1393 2298 perceperim
1425 2257 1548 2297 gaudio

222 2307 315 2337 Deus
337 2306 435 2336 testis
456 2310 489 2335 te
509 2304 687 2337 Ciceronis
709 2303 875 2343 epistulas
895 2304 938 2334 de
956 2303 1090 2334 Verona
1112 2313 1187 2334 meo
1206 2303 1343 2333 nomine
1363 2301 1547 2341 exemplari

219 2350 380 2381 iussisse!

262 2395 273 2411 ²
299 2393 337 2424 In
356 2393 438 2424 libro
456 2391 598 2431 insignis
620 2392 807 2431 doctrinae,
827 2390 890 2422 Dte
912 2389 1195 2430 hatzdscl177fllt'cl1e
1221 2388 1477 2428 Ueberlt'eferung
1497 2387 1553 2417 der
