1817 2832
597 118 709 156 EPP.
741 119 819 156 AD
849 118 1109 157 ATTICVM
1471 118 1539 154 IV.
1562 116 1609 154 iii

231 224 306 259 III
510 227 579 260 Ser.
602 228 730 259 Romae
747 229 803 259 viii
816 228 858 260 K.
879 228 951 259 Dec.
971 239 1001 259 a.
1023 230 1086 269 697
1105 228 1189 271 (57).

601 300 774 331 CICERO
799 300 969 331 ATTICO
996 300 1092 331 SAL.

242 373 370 410 Avere
397 379 434 410 te
459 380 565 410 certo
592 372 672 411 scio
700 386 790 410 cum
817 372 914 410 scire
942 372 1036 421 quid
1064 372 1127 410 hic
1153 378 1290 421 agatur
1314 379 1397 410 tum
1428 384 1515 410 mea
1532 381 1550 408 1

190 449 213 474 a
234 449 296 474 me
317 436 425 483 scire,
449 450 529 475 non
551 450 630 487 quo
652 437 815 475 certiora
835 437 912 474 sint
938 450 985 475 ea
1011 450 1111 486 quae
1132 436 1171 474 in
1192 436 1315 475 oculis
1336 436 1515 475 omnium

151 515 168 546 5
190 510 373 551 geruntur
396 501 426 539 si
446 515 469 539 a
490 515 553 540 me
577 501 796 540 scribantur
817 515 936 551 quam
964 514 1054 538 cum
1081 501 1131 539 ab
1158 500 1242 538 aliis
1262 509 1329 539 aut
1349 501 1519 539 scriban-

191 574 251 604 tur
289 566 358 604 tibi
387 574 455 604 aut
484 566 721 613 nuntientur,
756 567 826 604 sed
856 573 898 603 ut
927 565 1138 615 perspicias
1170 579 1217 604 ex
1252 565 1348 604 meis
1382 565 1517 603 litteris

191 645 270 680 quo
299 631 432 669 animo
458 645 503 669 ea
524 633 643 669 feram
668 644 769 680 quae
797 638 984 680 geruntur
1009 638 1048 668 et
1077 630 1144 680 qui
1171 630 1219 668 sit
1242 632 1317 668 hoc
1341 638 1519 679 tempore

190 704 257 733 aut
280 695 420 733 mentis
442 709 552 733 meae
573 709 710 734 sensus
730 703 797 733 aut
818 695 983 733 omnino
1004 695 1106 733 vitae
1127 702 1260 733 status.

245 760 415 798 Armatis
437 760 664 798 hominibus
690 768 781 798 ante
805 760 912 798 diem
942 759 1098 798 tertium
1121 761 1258 798 Nonas
1280 759 1517 798 Novembris
1537 770 1560 797 2

134 839 173 862 10
192 824 341 874 expulsi
390 832 480 863 sunt
522 824 621 863 fabri
667 826 718 863 de
765 838 854 863 area
898 832 1041 872 nostra,
1082 824 1300 863 disturbata
1346 824 1519 875 porticus

193 889 323 929 Catuli
344 903 444 939 quae
471 903 517 927 ex
545 897 702 927 senatus
723 891 905 927 consulto
932 890 1139 927 consulum
1161 889 1356 927 locatione
1377 888 1522 927 reficie-

193 955 306 992 batur
334 962 372 992 et
398 956 448 992 ad
479 961 626 993 tectum
647 968 772 1004 paene
797 962 1035 1004 pervenerat,
1060 954 1199 1003 Quinti
1225 954 1349 992 fratris
1377 955 1520 992 domus

193 1018 319 1068 primo
348 1020 468 1056 fracta
497 1018 678 1057 coniectu
716 1019 892 1068 lapidum
923 1032 969 1057 ex
997 1032 1086 1057 area
1116 1026 1260 1066 nostra,
1292 1018 1437 1057 deinde
1467 1018 1518 1056 in-

193 1085 393 1121 flammata
426 1083 531 1121 iussu
563 1083 691 1130 Clodi,
724 1083 968 1133 inspectante
1003 1084 1098 1121 urbe
1132 1083 1320 1121 coniectis
1352 1083 1518 1133 ignibus,

136 1165 172 1195 15
195 1161 335 1198 magna
364 1149 521 1198 querela
547 1156 585 1186 et
611 1148 758 1198 gemitu
789 1162 870 1186 non
905 1148 1036 1186 dicam
1061 1148 1268 1195 bonorum,
1290 1148 1359 1198 qui
1387 1148 1521 1186 nescio

193 1227 243 1251 an
277 1212 373 1251 nulli
405 1213 492 1260 sint,
516 1214 585 1251 sed
615 1214 731 1263 plane
763 1212 970 1251 hominum
1005 1212 1194 1251 omnium.
1256 1214 1327 1251 Ille
1357 1213 1521 1251 demens

194 1291 313 1325 ruere,
337 1286 425 1327 post
446 1279 552 1316 hunc
572 1291 663 1315 vero
684 1279 852 1315 furorem
875 1276 971 1315 nihil
993 1276 1066 1314 nisi
1088 1278 1251 1316 caedem
1273 1277 1522 1316 inimicorum

194 1343 376 1393 cogitare,
396 1342 553 1381 vicatim
573 1342 733 1389 ambire,
756 1342 874 1380 servis
894 1350 1026 1392 aperte
1047 1355 1157 1391 spem
1178 1342 1366 1380 libertatis
1396 1350 1524 1380 osten-

193 1409 296 1446 dere.
357 1408 515 1446 Etenim
552 1415 669 1446 antea
699 1421 790 1446 cum
825 1407 1014 1445 iudicium
1049 1408 1221 1454 tollebat,
1254 1407 1426 1445 habebat
1459 1407 1523 1446 ille

136 1487 175 1509 20
195 1473 355 1523 quidem
390 1473 589 1512 difficilem
620 1472 946 1522 manifestamque
978 1485 1137 1510 causam
1173 1473 1242 1510 sed
1274 1480 1405 1511 tamen
1436 1486 1524 1510 cau-

195 1552 276 1576 sam
296 1553 304 1585 ;
347 1546 499 1588 poterat
537 1537 706 1585 infitiari,
742 1544 893 1586 poterat
931 1536 970 1574 in
1009 1536 1106 1575 alios
1145 1537 1329 1584 derivare,
1371 1544 1523 1586 poterat

195 1603 311 1642 etiam
340 1603 489 1653 aliquid
519 1602 600 1641 iure
630 1604 777 1640 factum
808 1603 1048 1648 defendere3
1077 1609 1166 1651 post
1196 1603 1265 1640 has
1295 1602 1437 1649 ruinas,
1469 1602 1523 1639 in-

194 1668 345 1715 cendia,
369 1668 522 1718 rapinas
549 1670 725 1707 desertus
749 1682 772 1706 a
799 1667 878 1706 suis
908 1667 969 1704 vix
999 1667 1075 1704 iam
1107 1666 1318 1705 Decimum
1349 1666 1524 1717 designa-

195 1741 332 1780 torem,
352 1733 415 1771 vix
444 1733 616 1772 Gellium
646 1733 795 1779 retinet,
828 1745 1027 1770 servorum
1053 1731 1225 1769 consiliis
1250 1732 1382 1780 utitur,
1402 1732 1523 1780 videt,

137 1807 176 1839 25
196 1798 227 1836 si
247 1798 374 1836 omnis
395 1812 494 1848 quos
510 1800 592 1836 vult
612 1800 740 1848 palam
762 1798 961 1845 occiderit,
979 1796 1102 1834 nihilo
1123 1810 1234 1834 suam
1247 1810 1405 1835 causam
1427 1797 1522 1835 diffi-

196 1862 367 1901 ciliorem
395 1876 512 1912 quam
542 1864 673 1901 adhuc
703 1863 751 1900 sit
780 1862 819 1900 in
844 1862 992 1900 iudicio
1021 1863 1203 1899 futuram.
1262 1863 1402 1911 Itaque
1430 1869 1521 1900 ante
1540 1868 1564 1906 3

195 1927 301 1966 diem
322 1927 477 1966 tertium
500 1929 596 1966 Idus
624 1927 871 1974 Novembris,
895 1941 985 1965 cum
1007 1928 1123 1965 Sacra
1144 1926 1205 1964 via
1225 1927 1519 1973 descenderem,

195 1991 393 2030 insecutus
421 2000 478 2030 est
503 2005 566 2030 me
590 2006 680 2030 cum
708 1991 797 2030 suis.
858 1992 1030 2038 Clamor,
1052 1991 1212 2040 lapides,
1238 1992 1368 2037 fustes,
1391 1991 1520 2040 gladii,

196 2057 293 2094 haec
331 2056 540 2105 improvisa
578 2056 721 2095 onmia.
783 2056 1045 2094 Discessimus
1076 2055 1117 2094 in
1145 2055 1382 2094 vestibulum
1417 2056 1523 2094 Tetti

241 2170 260 2197 3
285 2165 317 2189 te
333 2159 354 2189 I
367 2160 466 2190 Rom.
487 2171 493 2190 :
517 2170 582 2190 om.
600 2159 642 2189 M
792 2170 867 2190 mea
884 2159 934 2190 Z:
958 2170 998 2190 ea
1017 2158 1105 2190 codd.
1125 2170 1132 2190 ε
1155 2170 1221 2190 om.
1243 2159 1357 2190 Baiter
1503 2169 1522 2197 5

197 2203 390 2233 scribuntur
425 2202 611 2244 lVesenbeijg·
770 2203 964 2234 scribuntur
993 2202 1062 2233 edd.
1207 2204 1228 2231 6
1253 2202 1450 2232 nuntientur
1484 2202 1524 2232 I:

198 2246 396 2276 nuntiantur
426 2246 512 2277 codd.
603 2247 661 2277 sed
686 2251 722 2277 ut
744 2246 819 2277 M'2:
846 2247 906 2277 sed
932 2252 966 2277 ut
990 2256 1106 2276 verum
1126 2244 1197 2275 Ml:
1227 2256 1343 2276 verum
1368 2251 1403 2276 ut
1426 2244 1521 2276 Man.

201 2290 240 2319 16
264 2289 344 2319 nulli
361 2288 484 2320 Lamb.
501 2302 507 2320 :
533 2290 590 2320 ulli
607 2289 694 2322 codd.
807 2291 949 2320 demens
964 2289 1069 2319 Pius:
1093 2289 1280 2319 vehemens
1297 2289 1339 2319 M
1486 2298 1521 2326 17

197 2342 278 2362 vero
305 2335 350 2363 Σι
388 2343 453 2363 om.
486 2338 512 2363 Δ
658 2344 695 2373 19
720 2334 856 2363 tollebat
887 2333 1005 2363 Mam:
1046 2333 1180 2362 nolebat
1213 2332 1331 2364 codd:
1368 2331 1525 2363 volvebat

199 2375 360 2416 Madvtg:
383 2376 515 2408 valebat
535 2376 653 2407 Gan-litt
793 2387 831 2408 21
858 2376 1008 2417 poterat]
1025 2375 1059 2407 id
1075 2380 1208 2417 poterat
1225 2374 1267 2406 M

243 2451 303 2472 cic,
323 2452 370 2472 AD
388 2451 460 2473 ΛΠ.
1416 2440 1438 2473 8
