1817 2832
213 286 352 323 sulatu.
410 284 535 322 Aliter
557 297 714 323 sensero
731 298 742 333 5
770 284 936 334 αἰδέομαι
956 297 1037 322 non
1068 283 1302 334 Pompeium
1330 284 1450 322 modo
1472 283 1542 322 sed

213 353 338 399 Τρῶας
358 350 418 388 καὶ
437 350 618 400 Τρωάδας.

395 415 646 465 Πουλυδάμας
673 432 737 465 μοι
765 418 908 465 πρῶτος
936 414 1128 466 ἐλεγχείην
1157 414 1370 464 καταθήσει.

174 495 191 527 5
214 479 344 529 Quis?
400 482 463 518 Tu
484 480 567 530 ipse
588 480 737 519 scilicet
764 481 945 518 laudator
973 486 1011 517 et
1033 480 1224 518 factorum
1247 487 1284 518 et
1305 478 1539 529 scriptorum

213 559 403 584 meorum.
464 547 583 584 Hanc
614 559 705 596 ergo
736 547 892 596 plagam
931 544 1047 594 effugi
1087 558 1156 594 per
1189 546 1290 583 duos
1322 543 1540 594 superiores
1562 551 1585 590 5

214 612 493 648 Marcellorum
521 611 747 648 consulatus
777 623 868 648 cum
898 617 956 647 est
985 616 1117 646 actum
1148 609 1198 647 de
1224 607 1425 658 provincia
1446 609 1543 647 Cae-

213 674 319 721 saris,
341 688 448 713 nunc
468 674 602 714 incido
628 674 669 712 in
697 674 908 713 discrimen
935 673 1096 723 ipsum?
1126 674 1266 722 Itaque
1287 676 1353 713 †ut
1374 674 1540 712 stultus†

214 738 361 788 primus
383 753 494 777 suam
519 739 754 778 sententiam
775 738 891 786 dicat,
915 737 1011 776 mihi
1032 738 1145 776 valde
1175 739 1303 787 placet
1329 737 1380 776 de
1409 736 1540 774 trium-

156 817 196 841 10
214 805 295 854 pho
325 817 397 842 nos
428 804 555 842 moliri
584 804 746 854 aliquid,
777 811 884 842 extra
914 803 1053 842 urbem
1088 816 1173 841 esse
1208 816 1298 841 cum
1328 800 1540 840 iustissima

214 881 342 907 causa.
401 870 554 907 Tamen
571 869 724 907 dabunt
744 882 904 918 operam
921 876 963 906 ut
977 867 1135 906 eliciant
1149 866 1383 906 sententiam
1397 879 1539 905 meam„

214 933 382 972 Ridebis
415 934 492 972 hoc
526 935 615 973 loco
648 935 822 972 sortasse.
883 935 1015 983 Quam
1044 934 1186 971 vellem
1218 931 1336 971 etiam
1364 944 1470 969 nunc
1501 930 1540 968 in

213 998 414 1048 provincia
451 998 618 1037 morari!
676 1000 797 1037 Plane
836 1011 935 1048 opus
974 997 1056 1045 fuit,
1098 997 1129 1036 si
1161 999 1237 1036 hoc
1272 996 1539 1047 impendebat.

214 1063 298 1102 Etsi
332 1063 386 1101 nil
421 1063 608 1102 miserius.
678 1065 782 1102 Nam
813 1064 897 1102 ὁδοῦ
924 1065 1108 1116 πάρεργον
1138 1064 1229 1101 volo
1258 1070 1296 1101 te
1325 1063 1402 1100 hoc
1431 1060 1539 1099 scire.

156 1141 193 1173 15
214 1128 361 1168 Omnia
397 1128 463 1167 illa
500 1128 625 1179 prima
663 1142 763 1179 quae
798 1129 915 1167 etiam
955 1135 996 1167 tu
1034 1128 1110 1166 tuis
1149 1127 1284 1165 litteris
1315 1126 1355 1164 in
1388 1128 1541 1164 caelum

0 1182 11 1263 ,Ξ
212 1194 364 1232 ferebas
403 1195 578 1243 ἐπίτηκτα
616 1195 782 1232 fuerunt.
856 1195 988 1243 Quam
1026 1207 1107 1231 non
1147 1200 1204 1231 est
1238 1191 1361 1230 facilis
1393 1190 1512 1229 virtus
1533 1193 1539 1228 1
1560 1192 1587 1230 6

4 1269 11 1450 ἰ
213 1271 332 1308 quam
362 1272 454 1298 vero
488 1259 656 1298 difficilis
688 1259 770 1297 eius
802 1258 987 1298 diuturna
1018 1257 1242 1297 simulatio!
1300 1258 1403 1296 Cum
1434 1255 1539 1294 enim

0 1346 3 1371 l

611 109 724 146 EPP.
756 109 834 146 AD
864 108 1125 147 ATTICVM
1443 107 1573 145 VII.i

213 220 375 258 autem?
431 219 562 257 Etiam
595 232 618 257 a
650 220 789 258 Gnaeo
824 226 959 257 nostro
982 218 1022 256 in
1048 218 1114 257 illo
1143 217 1278 257 divino
1307 217 1421 257 tertio
1451 231 1543 257 con-

213 1324 290 1362 hoc
320 1331 470 1362 rectum
501 1332 538 1362 et
567 1323 779 1374 gloriosum
810 1332 1000 1374 putarem,
1034 1337 1081 1362 ex
1111 1336 1245 1361 annuo
1279 1329 1439 1371 sumptu
1474 1320 1541 1370 qui

214 1388 311 1426 mihi
349 1390 529 1428 decretus
569 1397 670 1428 esset
713 1402 776 1428 me
815 1390 859 1428 C.
902 1388 1041 1428 Coelio
1080 1386 1277 1438 quaestori
1322 1386 1541 1435 relinquere

3 1457 8 1552 ¹
156 1470 194 1492 20
213 1466 402 1501 annuum,
425 1456 564 1493 referre
586 1454 625 1492 in
652 1454 842 1492 aerarium
872 1454 923 1492 ad
946 1455 1016 1492 HS
1037 1457 1163 1500 †CI:)†‚
1187 1450 1378 1501 ingemuit
1410 1457 1543 1488 nostra

214 1519 355 1557 cohors
387 1532 506 1557 omne
541 1518 638 1557 illud
670 1526 812 1569 putans
848 1517 1029 1557 distribui
1061 1516 1135 1555 sibi
1167 1524 1358 1566 oportere,
1393 1522 1435 1553 ut
1468 1527 1541 1564 ego

0 1555 7 1608 i
212 1582 374 1621 amicior
394 1582 587 1622 invenirer
608 1584 804 1633 Phrygum
826 1590 864 1622 et
886 1582 1055 1622 Cilicum
1076 1580 1231 1619 aerariis
1252 1593 1371 1630 quarn
1393 1587 1537 1618 nostro.

214 1647 291 1685 Sed
323 1661 387 1686 me
407 1661 488 1685 non
527 1655 734 1686 moverunt
749 1662 760 1695 3
789 1660 881 1685 nam
913 1654 952 1685 et
983 1659 1071 1684 mea
1102 1647 1186 1683 laus
1220 1645 1328 1694 apud
1363 1658 1427 1683 me
1460 1645 1542 1694 plu-

2 1694 6 1788 }
213 1710 355 1749 rimum
377 1712 496 1750 valuit
517 1725 590 1750 nec
611 1719 742 1749 tamen
764 1711 976 1761 quicquam
1002 1709 1218 1749 honorifice
1239 1709 1279 1747 in
1300 1722 1541 1759 quemquam

156 1792 193 1823 25
214 1775 295 1813 fieri
324 1776 450 1826 potuit
480 1777 588 1826 quod
617 1775 954 1826 praetermiserim.
1014 1775 1092 1813 Sed
1126 1775 1224 1813 haec
1254 1773 1379 1821 fuerit,
1414 1780 1456 1811 ut
1489 1773 1543 1811 ait

213 1840 479 1889 Thucydides,
504 1841 646 1889 ἐκβολὴ
667 1842 783 1892 λόγου
802 1853 883 1878 non
904 1839 1063 1877 inutilis.

268 1905 331 1941 Tu
352 1912 483 1943 autem
505 1906 554 1943 de
575 1913 709 1943 nostro
731 1912 832 1943 statu
860 1904 1051 1954 cogitabis
1076 1903 1246 1954 primum
1268 1915 1348 1952 quo
1375 1901 1540 1941 artificio
1560 1912 1583 1951 7

214 1975 393 2006 tueamur
419 1969 736 2008 benevolentiam
758 1968 946 2015 Caesaris,
971 1969 1116 2007 deinde
1143 1969 1193 2007 de
1220 1967 1306 2018 ipso
1327 1966 1538 2017 triumpho,

214 2046 331 2082 quem
348 2033 475 2080 video,
492 2034 565 2072 nisi
586 2034 639 2072 rei
659 2033 841 2084 publicae
862 2041 1040 2083 tempora
1056 2033 1284 2084 impedient,
1309 2033 1537 2082 εὐπόριστον.

157 2113 195 2144 30
216 2097 357 2136 Iudico
386 2107 518 2136 autem
549 2112 638 2136 cum
669 2112 716 2137 ex
745 2098 881 2136 litteris
911 2098 1127 2136 amicorum
1159 2106 1242 2136 tum
1270 2111 1316 2136 ex
1348 2097 1540 2147 supplica-

214 2161 332 2201 tione.
392 2164 523 2212 Quam
544 2162 611 2213 qui
631 2176 711 2201 non
732 2162 914 2208 decrevit,
938 2164 1025 2212 plus
1039 2162 1211 2201 decrevit
1228 2175 1345 2212 quam
1364 2161 1394 2200 si
1411 2162 1541 2200 omnis

256 2266 276 2296 8
300 2265 424 2296 stultus
450 2266 508 2296 M:
557 2266 725 2305 Sulpicius
753 2265 955 2296 Gronovius:
1002 2265 1116 2296 Hillus
1143 2264 1262 2296 Orellzz
1306 2264 1389 2295 alius
1413 2265 1544 2295 Ernesti

218 2319 254 2347 15
279 2315 314 2340 tu
332 2311 397 2340 tuis
422 2310 643 2339 Bentz'volius:
668 2311 734 2340 tuis
758 2308 844 2341 codd.
866 2321 872 2340 :
900 2314 934 2340 tu
959 2308 1080 2341 Lamh.
1246 2319 1288 2339 20
1314 2307 1355 2350 {il
1385 2307 1541 2339 Graevius

214 2363 249 2392 31
278 2353 353 2393 plus
370 2354 520 2384 decrevit
544 2363 607 2384 om.
629 2351 684 2383 Ml
