1790 2837
580 111 693 149 EPP.
725 111 802 148 AD
831 110 1092 150 ATTICVM
1475 113 1528 150 II.
1548 112 1626 150 xiv

176 220 461 270 εὖανατρέπτους
489 219 650 267 videbit,
671 234 780 259 ruere
810 220 980 270 incipiat.
1042 222 1126 271 Ego
1153 227 1284 259 autem
1309 234 1434 271 usque
1455 235 1502 260 eo

176 297 264 322 sum
302 292 507 323 enervatus
541 292 583 322 ut
617 286 692 323 hoc
727 285 808 323 otio
842 299 922 334 quo
955 299 1061 323 nunc
1095 285 1333 324 tabescimus
1368 285 1502 324 malim

175 350 469 399 ἐντυραννεῖσθαι
489 363 607 399 quam
629 363 719 387 cum
740 349 888 399 optima
909 363 978 399 spe
998 349 1194 388 dimicare.

230 416 292 452 De
339 415 549 464 pangendo
588 415 697 464 quod
741 428 804 452 me
845 415 982 452 crebro
1019 414 1247 461 adhortaris,
1284 414 1366 453 fieri
1404 414 1544 452 nihilz

136 491 153 523 5
174 486 314 530 potest.
376 478 584 517 Basilicam
615 479 743 516 habeo
770 492 851 516 non
871 478 1002 516 villam
1027 478 1247 528 frequentia
1277 479 1502 518 Formiano-

175 557 260 581 rum
281 545 357 583 †ad
378 557 496 593 quam
527 551 675 593 partem
706 542 889 581 basilicae
919 542 1063 580 tribum
1088 543 1336 583 Aemiliam't.
1424 544 1501 582 Sed

175 608 315 646 omitto
353 609 515 658 vulgus3
557 615 646 657 post
684 608 821 645 horam
859 614 1037 657 quartam
1076 608 1231 645 molesti
1270 607 1387 646 ceteri
1421 621 1502 646 non

175 681 275 711 sunt.
336 674 380 713 C.
415 661 781 722 Arrius'proximus
812 679 870 710 est
899 671 1060 718 vicinus,
1091 671 1213 710 immo
1244 672 1308 710 ille
1340 671 1502 721 quidem

175 737 253 776 iam
274 737 580 785 contubernalis,
597 736 663 787 qui
684 736 802 775 etiam
826 750 867 775 se
888 736 1034 775 idcirco
1057 738 1228 775 Romam
1250 735 1304 776 ire
1324 744 1440 786 negat
1459 743 1502 775 ut

117 814 155 836 10
175 803 239 841 hic
260 817 415 841 mecum
437 810 540 841 totos
568 802 651 840 dies
675 801 983 852 philosophetur.
1044 803 1149 840 Ecce
1177 815 1224 840 ex
1246 803 1366 840 altera
1393 809 1502 851 parte

175 868 358 915 Sebosus,
391 868 454 906 ille
485 867 615 907 Catuli
645 867 852 905 familiaris.
912 868 1004 915 Quo
1034 880 1098 904 me
1127 868 1305 905 vertam?
1361 866 1501 904 Statim

175 946 238 971 me
254 933 413 971 hercule
430 932 625 981 Arpinum
643 931 750 978 irem,
766 931 805 968 ni
827 939 864 969 te
884 931 923 969 in
946 931 1158 969 Formiano
1179 930 1502 969 commodissime

174 997 389 1047 exspectari
423 997 599 1035 viderem
629 998 831 1034 dumtaxat
861 997 911 1034 ad
945 1009 999 1046 pr.
1034 997 1170 1034 Nonas
1205 995 1359 1040 Maias;
1392 995 1501 1034 vides

174 1061 280 1100 enim
307 1062 450 1111 quibus
477 1060 704 1100 hominibus
728 1074 839 1098 aures
869 1061 945 1098 sint
974 1060 1130 1098 deditae
1152 1074 1272 1098 meae.
1337 1061 1371 1099 O
1394 1073 1503 1098 occa-

118 1137 154 1169 15
176 1125 327 1164 sionem
350 1126 565 1172 mirificam,
589 1124 620 1163 si
647 1124 714 1174 qui
734 1138 840 1163 nunc
861 1126 956 1162 dum
977 1124 1017 1161 hi
1037 1126 1143 1174 apud
1172 1138 1234 1162 me
1262 1132 1351 1162 sunt
1372 1138 1501 1163 emere

175 1191 225 1229 de
246 1205 308 1229 me
330 1192 498 1229 fundum
521 1190 774 1229 Formianum
795 1190 886 1228 velit
905 1192 911 1227 l
970 1191 1021 1227 Et
1042 1197 1174 1227 tamen
1196 1189 1293 1227 illud
1313 1190 1476 1239 probem
1494 1205 1500 1228 ε

179 1257 393 1305 ‘Magnum
425 1255 521 1306 quid
552 1254 826 1304 adgrediamur
859 1262 897 1292 et
929 1256 1074 1292 multae
1109 1253 1355 1304 cogitationis
1385 1261 1502 1304 atque

177 1320 231 1359 oti
248 1322 287 1359 ²?
345 1322 422 1359 Sed
443 1328 575 1359 tamen
596 1319 687 1357 satis
709 1320 774 1358 fiet
794 1333 816 1357 a
836 1318 950 1357 nobis
970 1332 1100 1369 neque
1121 1326 1300 1368 parcetur
1320 1317 1453 1357 labori.

218 1450 303 1485 XV
405 1452 475 1484 Scr.
496 1453 530 1483 in
547 1453 729 1483 Formiano
745 1452 812 1484 circ.
833 1453 870 1482 1'1'1'
881 1452 924 1483 K.
946 1452 1026 1482 Mai.
1045 1462 1075 1483 a.
1097 1452 1154 1491 695
1173 1451 1263 1492 (59).

119 1555 158 1576 20
587 1540 760 1571 CICERO
791 1540 844 1570 A]
854 1540 964 1571 TICO
997 1539 1094 1571 SAL.

229 1632 283 1669 Vt
304 1630 439 1669 scribis
460 1630 513 1668 ita
533 1629 649 1668 video
669 1642 749 1667 non
771 1628 900 1666 minus
920 1628 1066 1667 incerta
1087 1628 1126 1666 in
1147 1642 1186 1667 re
1206 1628 1364 1679 publica
1384 1641 1503 1679 quarn
1523 1638 1542 1667 1

176 1695 215 1733 in
243 1694 410 1745 epistula
440 1703 516 1741 tua,
541 1696 610 1733 sed
635 1702 766 1732 tamen
794 1693 866 1731 ista
889 1693 973 1743 ipsa
1000 1707 1062 1731 me
1086 1693 1249 1731 varietas
1277 1707 1502 1732 sermonum

176 1759 490 1810 opinionumque
529 1760 708 1798 delectat.
780 1760 935 1796 Romae
973 1757 1078 1796 enim
1117 1757 1252 1796 videor
1289 1771 1373 1796 esse
1412 1771 1502 1796 cum

176 1832 262 1863 tuas
282 1824 427 1862 litteras
457 1826 544 1874 lego
569 1831 617 1870 et,
640 1831 682 1862 ut
703 1825 745 1862 fit
772 1823 811 1861 in
839 1822 956 1861 tantis
982 1823 1108 1869 rebus,
1133 1824 1254 1861 modo
1281 1824 1357 1860 hoc
1382 1824 1503 1860 modo

121 1899 157 1930 25
177 1889 273 1928 illud
302 1889 447 1927 audire.
510 1890 615 1927 Illud
637 1896 768 1927 tamen
790 1888 982 1938 explicare
1013 1900 1094 1925 non
1123 1900 1284 1937 possum
1312 1887 1501 1936 quidnam

176 1953 339 1992 inveniri
379 1953 501 2004 possit
548 1955 657 1992 nullo
700 1960 902 1991 recusante
940 1953 992 1990 ad
1030 1953 1255 1990 facultatem
1302 1951 1500 2002 agrariam.

178 2018 310 2057 Bibuli
338 2026 470 2057 autem
492 2018 564 2057 ista
585 2017 815 2068 magnitudo
834 2016 956 2055 animi
975 2016 1015 2054 in
1036 2016 1285 2055 comitiorum
1316 2016 1503 2056 dilatione
1522 2025 1546 2051 2

177 2082 274 2132 quid
307 2083 428 2120 habet
458 2082 532 2120 nisi
566 2082 687 2133 ipsius
719 2081 908 2120 iudicium
941 2081 1024 2119 sine
1062 2082 1141 2119 ulla
1175 2081 1416 2119 correctione
1450 2081 1502 2119 rei

222 2188 243 2216 6
267 2192 301 2217 at
333 2186 381 2217 vel
409 2187 451 2217 ad
483 2185 572 2218 codd.
737 2196 852 2225 parem
877 2184 1006 2215 Rosius.
1053 2183 1180 2214 Lornm
1205 2185 1251 2214 ita
1277 2184 1502 2225 refingendum

178 2231 257 2260 coni.
277 2230 361 2259 Boot
384 2235 484 2268 atque
509 2230 669 2269 imparem
694 2229 862 2259 basilicam
889 2228 987 2258 tribui
1012 2227 1199 2259 Aemiliae:
1232 2228 1354 2267 Tyrrell
1375 2232 1408 2258 at
1425 2228 1503 2267 quoi

178 2274 394 2312 aequiparem
431 2273 590 2303 basilicae
633 2273 755 2302 tribum
796 2271 1021 2302 Aemiliam32
1061 2270 1147 2301 Reid
1175 2276 1209 2301 at
1241 2281 1340 2309 quam
1373 2276 1502 2310 partem

178 2316 316 2347 basilica
333 2316 440 2346 tribus
464 2315 632 2346 Aemiliae
650 2324 705 2349 (sc.
725 2315 857 2355 capz'et');
882 2314 1018 2345 aliialia
1179 2324 1217 2353 14
1242 2314 1272 2344 O
1288 2313 1364 2346 add.
1384 2313 1506 2346 Mz't'ller

179 2361 222 2390 26
245 2359 390 2390 inveniri
407 2359 602 2390 Ascensius:
629 2359 692 2389 -ire
708 2357 796 2390 codd.
