<?xml version="1.0" encoding="UTF-8"?>
<!DOCTYPE html PUBLIC "-//W3C//DTD XHTML 1.0 Transitional//EN"
    "http://www.w3.org/TR/xhtml1/DTD/xhtml1-transitional.dtd">
<html xmlns="http://www.w3.org/1999/xhtml" xml:lang="en" lang="en">
 <head>
  <title>
</title>
<meta http-equiv="Content-Type" content="text/html;charset=utf-8" />
  <meta name='ocr-system' content='tesseract 3.04.00' />
  <meta name='ocr-capabilities' content='ocr_page ocr_carea ocr_par ocr_line ocrx_word'/>
</head>
<body>
  <div class='ocr_page' id='page_1' title='image "./epistulaerecogno0201ciceuoft_0137.png"; bbox 0 0 1817 2832; ppageno 0'>
   <div class='ocr_carea' id='block_1_1' title="bbox 667 156 1668 198">
    <p class='ocr_par' dir='ltr' id='par_1_1' title="bbox 667 156 1668 198">
     <span class='ocr_line' id='line_1_1' title="bbox 667 156 1668 198; baseline -0.001 -4"><span class='ocrx_word' id='word_1_1' title='bbox 667 156 780 195; x_wconf 88' lang='lat' dir='ltr'>EPP.</span> <span class='ocrx_word' id='word_1_2' title='bbox 811 157 890 195; x_wconf 93' lang='lat' dir='ltr'>AD</span> <span class='ocrx_word' id='word_1_3' title='bbox 919 158 1180 198; x_wconf 86' lang='lat' dir='ltr'>ATTICVM</span> <span class='ocrx_word' id='word_1_4' title='bbox 1535 157 1603 195; x_wconf 86' lang='lat' dir='ltr'>IV.</span> <span class='ocrx_word' id='word_1_5' title='bbox 1622 156 1668 194; x_wconf 85' lang='lat' dir='ltr'>iii</span> 
     </span>
    </p>
   </div>
   <div class='ocr_carea' id='block_1_2' title="bbox 203 265 1631 2066">
    <p class='ocr_par' dir='ltr' id='par_1_2' title="bbox 260 265 1584 513">
     <span class='ocr_line' id='line_1_2' title="bbox 261 265 1584 319; baseline 0.002 -15"><span class='ocrx_word' id='word_1_6' title='bbox 261 279 356 316; x_wconf 90' lang='lat' dir='ltr'>pum</span> <span class='ocrx_word' id='word_1_7' title='bbox 382 265 436 305; x_wconf 91' lang='lat' dir='ltr'>ire</span> <span class='ocrx_word' id='word_1_8' title='bbox 463 279 543 305; x_wconf 89' lang='lat' dir='ltr'>non</span> <span class='ocrx_word' id='word_1_9' title='bbox 570 276 627 306; x_wconf 89' lang='lat' dir='ltr'>est</span> <span class='ocrx_word' id='word_1_10' title='bbox 650 281 778 307; x_wconf 89' lang='lat' dir='ltr'>ausus.</span> <span class='ocrx_word' id='word_1_11' title='bbox 839 268 938 308; x_wconf 89' lang='lat' dir='ltr'>Milo</span> <span class='ocrx_word' id='word_1_12' title='bbox 958 268 1170 319; x_wconf 75' lang='lat' dir='ltr'>permansit</span> <span class='ocrx_word' id='word_1_13' title='bbox 1189 269 1241 308; x_wconf 89' lang='lat' dir='ltr'>ad</span> <span class='ocrx_word' id='word_1_14' title='bbox 1261 268 1463 308; x_wconf 79' lang='lat' dir='ltr'>meridiem</span> <span class='ocrx_word' id='word_1_15' title='bbox 1485 268 1584 307; x_wconf 91' lang='lat' dir='ltr'>miri-</span> 
     </span>
     <span class='ocr_line' id='line_1_3' title="bbox 261 331 1584 384; baseline 0.002 -15"><span class='ocrx_word' id='word_1_16' title='bbox 261 332 335 370; x_wconf 89' lang='lat' dir='ltr'>fica</span> <span class='ocrx_word' id='word_1_17' title='bbox 367 331 574 371; x_wconf 88' lang='lat' dir='ltr'>hominum</span> <span class='ocrx_word' id='word_1_18' title='bbox 603 333 749 372; x_wconf 87' lang='lat' dir='ltr'>laetitia</span> <span class='ocrx_word' id='word_1_19' title='bbox 781 347 936 372; x_wconf 87' lang='lat' dir='ltr'>summa</span> <span class='ocrx_word' id='word_1_20' title='bbox 964 347 1054 373; x_wconf 89' lang='lat' dir='ltr'>cum</span> <span class='ocrx_word' id='word_1_21' title='bbox 1083 334 1216 384; x_wconf 87' lang='lat' dir='ltr'>gloria.</span> <span class='ocrx_word' id='word_1_22' title='bbox 1275 334 1489 374; x_wconf 91' lang='lat' dir='ltr'>Contentio</span> <span class='ocrx_word' id='word_1_23' title='bbox 1515 335 1584 372; x_wconf 87' lang='lat' dir='ltr'>fra-</span> 
     </span>
     <span class='ocr_line' id='line_1_4' title="bbox 261 396 1583 448; baseline 0.002 -15"><span class='ocrx_word' id='word_1_24' title='bbox 261 404 363 434; x_wconf 86' lang='lat' dir='ltr'>trum</span> <span class='ocrx_word' id='word_1_25' title='bbox 392 396 509 435; x_wconf 90' lang='lat' dir='ltr'>trium</span> <span class='ocrx_word' id='word_1_26' title='bbox 539 397 672 448; x_wconf 79' lang='lat' dir='ltr'>turpiS,</span> <span class='ocrx_word' id='word_1_27' title='bbox 695 399 815 437; x_wconf 85' lang='lat' dir='ltr'>fracta</span> <span class='ocrx_word' id='word_1_28' title='bbox 843 398 910 446; x_wconf 90' lang='lat' dir='ltr'>vis,</span> <span class='ocrx_word' id='word_1_29' title='bbox 942 406 1193 448; x_wconf 91' lang='lat' dir='ltr'>contemptus</span> <span class='ocrx_word' id='word_1_30' title='bbox 1223 400 1339 437; x_wconf 88' lang='lat' dir='ltr'>furor.</span> <span class='ocrx_word' id='word_1_31' title='bbox 1398 399 1583 437; x_wconf 75' lang='lat' dir='ltr'><strong>Metellus</strong></span> 
     </span>
     <span class='ocr_line' id='line_1_5' title="bbox 260 462 1584 513; baseline 0.002 -15"><span class='ocrx_word' id='word_1_32' title='bbox 260 467 393 499; x_wconf 91' lang='lat' dir='ltr'>tamen</span> <span class='ocrx_word' id='word_1_33' title='bbox 426 463 598 511; x_wconf 89' lang='lat' dir='ltr'>postulat</span> <span class='ocrx_word' id='word_1_34' title='bbox 632 469 675 500; x_wconf 89' lang='lat' dir='ltr'>ut</span> <span class='ocrx_word' id='word_1_35' title='bbox 713 462 787 500; x_wconf 88' lang='lat' dir='ltr'>sibi</span> <span class='ocrx_word' id='word_1_36' title='bbox 819 463 1078 513; x_wconf 87' lang='lat' dir='ltr'>postero-die</span> <span class='ocrx_word' id='word_1_37' title='bbox 1116 463 1156 500; x_wconf 90' lang='lat' dir='ltr'>in</span> <span class='ocrx_word' id='word_1_38' title='bbox 1190 464 1274 501; x_wconf 88' lang='lat' dir='ltr'>foro</span> <span class='ocrx_word' id='word_1_39' title='bbox 1304 463 1584 510; x_wconf 87' lang='lat' dir='ltr'>obnuntietur;</span> 
     </span>
    </p>

    <p class='ocr_par' dir='ltr' id='par_1_3' title="bbox 224 524 1585 836">
     <span class='ocr_line' id='line_1_6' title="bbox 224 524 1585 577; baseline 0.001 -15"><span class='ocrx_word' id='word_1_40' title='bbox 224 538 240 569; x_wconf 86' lang='lat'>5</span> <span class='ocrx_word' id='word_1_41' title='bbox 261 524 357 562; x_wconf 87' lang='lat' dir='ltr'>nihil</span> <span class='ocrx_word' id='word_1_42' title='bbox 379 539 463 564; x_wconf 80' lang='lat' dir='ltr'>esse</span> <span class='ocrx_word' id='word_1_43' title='bbox 490 527 598 576; x_wconf 92' lang='lat' dir='ltr'>quod</span> <span class='ocrx_word' id='word_1_44' title='bbox 619 526 658 564; x_wconf 88' lang='lat' dir='ltr'>in</span> <span class='ocrx_word' id='word_1_45' title='bbox 679 540 862 577; x_wconf 86' lang='lat' dir='ltr'>campum</span> <span class='ocrx_word' id='word_1_46' title='bbox 887 535 1003 565; x_wconf 91' lang='lat' dir='ltr'>nocte</span> <span class='ocrx_word' id='word_1_47' title='bbox 1024 527 1242 574; x_wconf 76' lang='lat' dir='ltr'>veniretur3</span> <span class='ocrx_word' id='word_1_48' title='bbox 1271 541 1311 565; x_wconf 91' lang='lat' dir='ltr'>se</span> <span class='ocrx_word' id='word_1_49' title='bbox 1339 528 1434 565; x_wconf 89' lang='lat' dir='ltr'>hora</span> <span class='ocrx_word' id='word_1_50' title='bbox 1460 527 1585 576; x_wconf 88' lang='lat' dir='ltr'>prima</span> 
     </span>
     <span class='ocr_line' id='line_1_7' title="bbox 261 589 1583 642; baseline 0.002 -15"><span class='ocrx_word' id='word_1_51' title='bbox 261 589 301 627; x_wconf 92' lang='lat' dir='ltr'>in</span> <span class='ocrx_word' id='word_1_52' title='bbox 333 590 494 629; x_wconf 89' lang='lat' dir='ltr'>comitio</span> <span class='ocrx_word' id='word_1_53' title='bbox 527 593 618 629; x_wconf 90' lang='lat' dir='ltr'>fore.</span> <span class='ocrx_word' id='word_1_54' title='bbox 679 593 818 642; x_wconf 82' lang='lat' dir='ltr'>Itaque</span> <span class='ocrx_word' id='word_1_55' title='bbox 848 600 939 630; x_wconf 89' lang='lat' dir='ltr'>ante</span> <span class='ocrx_word' id='word_1_56' title='bbox 970 591 1074 630; x_wconf 89' lang='lat' dir='ltr'>diem</span> <span class='ocrx_word' id='word_1_57' title='bbox 1109 604 1152 629; x_wconf 80' lang='lat' dir='ltr'>xl</span> <span class='ocrx_word' id='word_1_58' title='bbox 1188 593 1277 630; x_wconf 84' lang='lat' dir='ltr'>Kal.</span> <span class='ocrx_word' id='word_1_59' title='bbox 1310 591 1348 629; x_wconf 94' lang='lat' dir='ltr'>in</span> <span class='ocrx_word' id='word_1_60' title='bbox 1380 592 1583 630; x_wconf 88' lang='lat' dir='ltr'>comitium</span> 
     </span>
     <span class='ocr_line' id='line_1_8' title="bbox 264 655 1584 707; baseline 0.001 -14"><span class='ocrx_word' id='word_1_61' title='bbox 264 655 364 693; x_wconf 86' lang='lat' dir='ltr'>Milo</span> <span class='ocrx_word' id='word_1_62' title='bbox 393 657 443 694; x_wconf 92' lang='lat' dir='ltr'>de</span> <span class='ocrx_word' id='word_1_63' title='bbox 473 657 732 695; x_wconf 89' lang='lat' dir='ltr'>nocte-venit.</span> <span class='ocrx_word' id='word_1_64' title='bbox 793 659 978 695; x_wconf 78' lang='lat' dir='ltr'>Metellus</span> <span class='ocrx_word' id='word_1_65' title='bbox 1008 671 1098 695; x_wconf 87' lang='lat' dir='ltr'>cum</span> <span class='ocrx_word' id='word_1_66' title='bbox 1126 657 1252 707; x_wconf 89' lang='lat' dir='ltr'>prima</span> <span class='ocrx_word' id='word_1_67' title='bbox 1277 658 1365 695; x_wconf 92' lang='lat' dir='ltr'>luce</span> <span class='ocrx_word' id='word_1_68' title='bbox 1386 657 1516 694; x_wconf 91' lang='lat' dir='ltr'>furtim</span> <span class='ocrx_word' id='word_1_69' title='bbox 1544 656 1584 694; x_wconf 88' lang='lat' dir='ltr'>in</span> 
     </span>
     <span class='ocr_line' id='line_1_9' title="bbox 263 720 1585 771; baseline 0.001 -14"><span class='ocrx_word' id='word_1_70' title='bbox 263 733 446 770; x_wconf 87' lang='lat' dir='ltr'>campum</span> <span class='ocrx_word' id='word_1_71' title='bbox 476 720 678 759; x_wconf 84' lang='lat' dir='ltr'>itineribus</span> <span class='ocrx_word' id='word_1_72' title='bbox 705 734 826 771; x_wconf 84' lang='lat' dir='ltr'>prope</span> <span class='ocrx_word' id='word_1_73' title='bbox 847 720 969 759; x_wconf 78' lang='lat' dir='ltr'>deviis</span> <span class='ocrx_word' id='word_1_74' title='bbox 997 721 1198 759; x_wconf 88' lang='lat' dir='ltr'>currebat:</span> <span class='ocrx_word' id='word_1_75' title='bbox 1228 720 1456 770; x_wconf 89' lang='lat' dir='ltr'>adsequitur</span> <span class='ocrx_word' id='word_1_76' title='bbox 1485 720 1585 759; x_wconf 90' lang='lat' dir='ltr'>inter</span> 
     </span>
     <span class='ocr_line' id='line_1_10' title="bbox 262 786 1584 836; baseline 0 -13"><span class='ocrx_word' id='word_1_77' title='bbox 262 787 371 824; x_wconf 89' lang='lat' dir='ltr'>lucos</span> <span class='ocrx_word' id='word_1_78' title='bbox 399 786 601 824; x_wconf 89' lang='lat' dir='ltr'>hominem</span> <span class='ocrx_word' id='word_1_79' title='bbox 630 787 740 833; x_wconf 90' lang='lat' dir='ltr'>Milo,</span> <span class='ocrx_word' id='word_1_80' title='bbox 764 787 983 825; x_wconf 88' lang='lat' dir='ltr'>obnuntiat.</span> <span class='ocrx_word' id='word_1_81' title='bbox 1044 788 1116 825; x_wconf 91' lang='lat' dir='ltr'>Ille</span> <span class='ocrx_word' id='word_1_82' title='bbox 1140 800 1181 825; x_wconf 90' lang='lat' dir='ltr'>se</span> <span class='ocrx_word' id='word_1_83' title='bbox 1210 786 1356 836; x_wconf 90' lang='lat' dir='ltr'>recepit</span> <span class='ocrx_word' id='word_1_84' title='bbox 1384 799 1526 836; x_wconf 82' lang='lat' dir='ltr'>magno</span> <span class='ocrx_word' id='word_1_85' title='bbox 1546 792 1584 824; x_wconf 90' lang='lat' dir='ltr'>et</span> 
     </span>
    </p>

    <p class='ocr_par' dir='ltr' id='par_1_4' title="bbox 204 850 1580 955">
     <span class='ocr_line' id='line_1_11' title="bbox 204 850 1580 900; baseline 0.001 -13"><span class='ocrx_word' id='word_1_86' title='bbox 204 862 243 884; x_wconf 89' lang='lat'>10</span> <span class='ocrx_word' id='word_1_87' title='bbox 262 850 364 900; x_wconf 86' lang='lat' dir='ltr'>turpi</span> <span class='ocrx_word' id='word_1_88' title='bbox 396 852 444 900; x_wconf 87' lang='lat' dir='ltr'>Q.</span> <span class='ocrx_word' id='word_1_89' title='bbox 480 851 608 889; x_wconf 78' lang='lat' dir='ltr'>Flacci</span> <span class='ocrx_word' id='word_1_90' title='bbox 642 851 831 890; x_wconf 79' lang='lat' dir='ltr'>convicio.</span> <span class='ocrx_word' id='word_1_91' title='bbox 903 854 1010 891; x_wconf 88' lang='lat' dir='ltr'>Ante</span> <span class='ocrx_word' id='word_1_92' title='bbox 1042 851 1161 891; x_wconf 65' lang='lat' dir='ltr'>diem=</span> <span class='ocrx_word' id='word_1_93' title='bbox 1182 863 1211 890; x_wconf 88' lang='grc' dir='ltr'>Χ</span> <span class='ocrx_word' id='word_1_94' title='bbox 1247 853 1336 890; x_wconf 86' lang='lat' dir='ltr'>Kal.</span> <span class='ocrx_word' id='word_1_95' title='bbox 1368 851 1580 890; x_wconf 82' lang='lat' dir='ltr'>nundinae.</span> 
     </span>
     <span class='ocr_line' id='line_1_12' title="bbox 261 916 686 955; baseline 0 0"><span class='ocrx_word' id='word_1_96' title='bbox 261 916 407 955; x_wconf 87' lang='lat' dir='ltr'>Contio</span> <span class='ocrx_word' id='word_1_97' title='bbox 428 916 550 954; x_wconf 88' lang='lat' dir='ltr'>biduo</span> <span class='ocrx_word' id='word_1_98' title='bbox 569 918 686 955; x_wconf 76' lang='lat' dir='ltr'>nulla.</span> 
     </span>
    </p>

    <p class='ocr_par' dir='ltr' id='par_1_5' title="bbox 261 981 1625 1162">
     <span class='ocr_line' id='line_1_13' title="bbox 314 981 1625 1032; baseline 0.002 -14"><span class='ocrx_word' id='word_1_99' title='bbox 314 983 419 1019; x_wconf 83' lang='lat' dir='ltr'>Ante</span> <span class='ocrx_word' id='word_1_100' title='bbox 453 981 558 1019; x_wconf 89' lang='lat' dir='ltr'>diem</span> <span class='ocrx_word' id='word_1_101' title='bbox 597 993 671 1019; x_wconf 83' lang='lat' dir='ltr'>Vm</span> <span class='ocrx_word' id='word_1_102' title='bbox 708 983 796 1021; x_wconf 82' lang='lat' dir='ltr'>Kal.</span> <span class='ocrx_word' id='word_1_103' title='bbox 833 983 930 1021; x_wconf 90' lang='lat' dir='ltr'>haec</span> <span class='ocrx_word' id='word_1_104' title='bbox 966 996 1038 1032; x_wconf 79' lang='lat' dir='ltr'>ego</span> <span class='ocrx_word' id='word_1_105' title='bbox 1073 982 1292 1021; x_wconf 81' lang='lat' dir='ltr'>scribebam</span> <span class='ocrx_word' id='word_1_106' title='bbox 1327 983 1422 1020; x_wconf 87' lang='lat' dir='ltr'>hora</span> <span class='ocrx_word' id='word_1_107' title='bbox 1455 981 1625 1028; x_wconf 77' lang='lat' dir='ltr'>nocti35</span> 
     </span>
     <span class='ocr_line' id='line_1_14' title="bbox 262 1046 1582 1096; baseline 0.002 -13"><span class='ocrx_word' id='word_1_108' title='bbox 262 1059 377 1084; x_wconf 82' lang='lat' dir='ltr'>nona.</span> <span class='ocrx_word' id='word_1_109' title='bbox 437 1046 537 1084; x_wconf 90' lang='lat' dir='ltr'>Milo</span> <span class='ocrx_word' id='word_1_110' title='bbox 566 1059 749 1096; x_wconf 87' lang='lat' dir='ltr'>campum</span> <span class='ocrx_word' id='word_1_111' title='bbox 777 1047 853 1084; x_wconf 88' lang='lat' dir='ltr'>iarn</span> <span class='ocrx_word' id='word_1_112' title='bbox 878 1048 1051 1086; x_wconf 84' lang='lat' dir='ltr'>tenebat.</span> <span class='ocrx_word' id='word_1_113' title='bbox 1109 1049 1320 1086; x_wconf 75' lang='lat' dir='ltr'>Marcellus</span> <span class='ocrx_word' id='word_1_114' title='bbox 1349 1047 1582 1086; x_wconf 88' lang='lat' dir='ltr'>candidatus</span> 
     </span>
     <span class='ocr_line' id='line_1_15' title="bbox 261 1110 1582 1162; baseline 0.001 -14"><span class='ocrx_word' id='word_1_115' title='bbox 261 1110 314 1149; x_wconf 91' lang='lat' dir='ltr'>ita</span> <span class='ocrx_word' id='word_1_116' title='bbox 352 1111 537 1149; x_wconf 85' lang='lat' dir='ltr'>stertebat</span> <span class='ocrx_word' id='word_1_117' title='bbox 569 1119 612 1149; x_wconf 90' lang='lat' dir='ltr'>ut</span> <span class='ocrx_word' id='word_1_118' title='bbox 646 1125 718 1162; x_wconf 83' lang='lat' dir='ltr'>ego</span> <span class='ocrx_word' id='word_1_119' title='bbox 752 1111 903 1150; x_wconf 86' lang='lat' dir='ltr'>vicinus</span> <span class='ocrx_word' id='word_1_120' title='bbox 940 1112 1128 1150; x_wconf 88' lang='lat' dir='ltr'>audirem.</span> <span class='ocrx_word' id='word_1_121' title='bbox 1188 1112 1305 1152; x_wconf 89' lang='lat' dir='ltr'>Clodi</span> <span class='ocrx_word' id='word_1_122' title='bbox 1345 1112 1582 1150; x_wconf 82' lang='lat' dir='ltr'>vestibulum</span> 
     </span>
    </p>

    <p class='ocr_par' dir='ltr' id='par_1_6' title="bbox 204 1175 1585 1482">
     <span class='ocr_line' id='line_1_16' title="bbox 204 1175 1580 1226; baseline 0.002 -15"><span class='ocrx_word' id='word_1_123' title='bbox 204 1190 240 1220; x_wconf 85' lang='lat'>15</span> <span class='ocrx_word' id='word_1_124' title='bbox 260 1188 427 1212; x_wconf 79' lang='lat' dir='ltr'>vacuum</span> <span class='ocrx_word' id='word_1_125' title='bbox 444 1188 537 1213; x_wconf 87' lang='lat' dir='ltr'>sane</span> <span class='ocrx_word' id='word_1_126' title='bbox 553 1175 649 1213; x_wconf 90' lang='lat' dir='ltr'>mihi</span> <span class='ocrx_word' id='word_1_127' title='bbox 669 1175 934 1223; x_wconf 85' lang='lat' dir='ltr'>nuntiabatur,</span> <span class='ocrx_word' id='word_1_128' title='bbox 950 1176 1065 1226; x_wconf 86' lang='lat' dir='ltr'>pauci</span> <span class='ocrx_word' id='word_1_129' title='bbox 1081 1176 1258 1226; x_wconf 86' lang='lat' dir='ltr'>pannosi,</span> <span class='ocrx_word' id='word_1_130' title='bbox 1276 1176 1379 1214; x_wconf 85' lang='lat' dir='ltr'>linea</span> <span class='ocrx_word' id='word_1_131' title='bbox 1394 1178 1580 1214; x_wconf 87' lang='lat' dir='ltr'>lanterna.</span> 
     </span>
     <span class='ocr_line' id='line_1_17' title="bbox 262 1239 1581 1290; baseline 0.002 -14"><span class='ocrx_word' id='word_1_132' title='bbox 262 1240 358 1277; x_wconf 89' lang='lat' dir='ltr'>Meo</span> <span class='ocrx_word' id='word_1_133' title='bbox 378 1239 542 1278; x_wconf 90' lang='lat' dir='ltr'>consilio</span> <span class='ocrx_word' id='word_1_134' title='bbox 562 1239 696 1277; x_wconf 88' lang='lat' dir='ltr'>omnia</span> <span class='ocrx_word' id='word_1_135' title='bbox 723 1239 777 1278; x_wconf 90' lang='lat' dir='ltr'>illi</span> <span class='ocrx_word' id='word_1_136' title='bbox 804 1240 886 1278; x_wconf 85' lang='lat' dir='ltr'>fieri</span> <span class='ocrx_word' id='word_1_137' title='bbox 906 1241 1170 1290; x_wconf 89' lang='lat' dir='ltr'>querebantur</span> <span class='ocrx_word' id='word_1_138' title='bbox 1189 1240 1310 1290; x_wconf 80' lang='lat' dir='ltr'>ignari</span> <span class='ocrx_word' id='word_1_139' title='bbox 1331 1248 1522 1290; x_wconf 89' lang='lat' dir='ltr'>quantum</span> <span class='ocrx_word' id='word_1_140' title='bbox 1543 1240 1581 1278; x_wconf 92' lang='lat' dir='ltr'>in</span> 
     </span>
     <span class='ocr_line' id='line_1_18' title="bbox 261 1303 1583 1354; baseline 0.001 -13"><span class='ocrx_word' id='word_1_141' title='bbox 261 1303 328 1342; x_wconf 88' lang='lat' dir='ltr'>illo</span> <span class='ocrx_word' id='word_1_142' title='bbox 360 1304 479 1342; x_wconf 88' lang='lat' dir='ltr'>heroe</span> <span class='ocrx_word' id='word_1_143' title='bbox 513 1312 614 1342; x_wconf 88' lang='lat' dir='ltr'>esset</span> <span class='ocrx_word' id='word_1_144' title='bbox 644 1304 776 1352; x_wconf 88' lang='lat' dir='ltr'>animi,</span> <span class='ocrx_word' id='word_1_145' title='bbox 812 1313 1003 1354; x_wconf 88' lang='lat' dir='ltr'>quantum</span> <span class='ocrx_word' id='word_1_146' title='bbox 1038 1305 1156 1343; x_wconf 88' lang='lat' dir='ltr'>etiam</span> <span class='ocrx_word' id='word_1_147' title='bbox 1189 1305 1341 1344; x_wconf 90' lang='lat' dir='ltr'>consili.</span> <span class='ocrx_word' id='word_1_148' title='bbox 1400 1305 1583 1343; x_wconf 86' lang='lat' dir='ltr'>Miranda</span> 
     </span>
     <span class='ocr_line' id='line_1_19' title="bbox 261 1368 1584 1419; baseline 0.001 -13"><span class='ocrx_word' id='word_1_149' title='bbox 261 1368 381 1407; x_wconf 91' lang='lat' dir='ltr'>virtus</span> <span class='ocrx_word' id='word_1_150' title='bbox 402 1376 472 1408; x_wconf 89' lang='lat' dir='ltr'>est.</span> <span class='ocrx_word' id='word_1_151' title='bbox 529 1370 645 1408; x_wconf 88' lang='lat' dir='ltr'>Nova</span> <span class='ocrx_word' id='word_1_152' title='bbox 673 1371 868 1419; x_wconf 87' lang='lat' dir='ltr'>quaedam</span> <span class='ocrx_word' id='word_1_153' title='bbox 889 1369 1022 1408; x_wconf 88' lang='lat' dir='ltr'>divina</span> <span class='ocrx_word' id='word_1_154' title='bbox 1051 1369 1188 1417; x_wconf 77' lang='lat' dir='ltr'>mitt03</span> <span class='ocrx_word' id='word_1_155' title='bbox 1222 1371 1291 1408; x_wconf 91' lang='lat' dir='ltr'>sed</span> <span class='ocrx_word' id='word_1_156' title='bbox 1312 1371 1410 1407; x_wconf 91' lang='lat' dir='ltr'>haec</span> <span class='ocrx_word' id='word_1_157' title='bbox 1430 1383 1584 1407; x_wconf 87' lang='lat' dir='ltr'>summa</span> 
     </span>
     <span class='ocr_line' id='line_1_20' title="bbox 261 1433 1585 1482; baseline 0 -10"><span class='ocrx_word' id='word_1_158' title='bbox 261 1441 330 1472; x_wconf 88' lang='lat' dir='ltr'>est.</span> <span class='ocrx_word' id='word_1_159' title='bbox 372 1433 543 1473; x_wconf 88' lang='lat' dir='ltr'>Comitia</span> <span class='ocrx_word' id='word_1_160' title='bbox 559 1436 640 1473; x_wconf 92' lang='lat' dir='ltr'>fore</span> <span class='ocrx_word' id='word_1_161' title='bbox 660 1448 741 1472; x_wconf 87' lang='lat' dir='ltr'>non</span> <span class='ocrx_word' id='word_1_162' title='bbox 756 1434 920 1473; x_wconf 87' lang='lat' dir='ltr'>arbitror</span> <span class='ocrx_word' id='word_1_163' title='bbox 936 1448 946 1482; x_wconf 82' lang='lat'>;</span> <span class='ocrx_word' id='word_1_164' title='bbox 974 1448 1085 1472; x_wconf 90' lang='lat' dir='ltr'>reum</span> <span class='ocrx_word' id='word_1_165' title='bbox 1106 1434 1301 1481; x_wconf 88' lang='lat' dir='ltr'>Publium,</span> <span class='ocrx_word' id='word_1_166' title='bbox 1318 1434 1392 1472; x_wconf 89' lang='lat' dir='ltr'>nisi</span> <span class='ocrx_word' id='word_1_167' title='bbox 1411 1442 1502 1472; x_wconf 90' lang='lat' dir='ltr'>ante</span> <span class='ocrx_word' id='word_1_168' title='bbox 1522 1447 1585 1473; x_wconf 92' lang='lat' dir='ltr'>oc-</span> 
     </span>
    </p>

    <p class='ocr_par' dir='ltr' id='par_1_7' title="bbox 203 1498 1585 1798">
     <span class='ocr_line' id='line_1_21' title="bbox 203 1498 1580 1549; baseline 0.001 -14"><span class='ocrx_word' id='word_1_169' title='bbox 203 1513 242 1535; x_wconf 90' lang='lat'>20</span> <span class='ocrx_word' id='word_1_170' title='bbox 262 1499 365 1537; x_wconf 89' lang='lat' dir='ltr'>cisus</span> <span class='ocrx_word' id='word_1_171' title='bbox 381 1499 462 1546; x_wconf 82' lang='lat' dir='ltr'>erit,</span> <span class='ocrx_word' id='word_1_172' title='bbox 481 1501 562 1538; x_wconf 89' lang='lat' dir='ltr'>fore</span> <span class='ocrx_word' id='word_1_173' title='bbox 577 1513 600 1537; x_wconf 93' lang='lat' dir='ltr'>a</span> <span class='ocrx_word' id='word_1_174' title='bbox 617 1500 769 1537; x_wconf 90' lang='lat' dir='ltr'>Milone</span> <span class='ocrx_word' id='word_1_175' title='bbox 785 1507 881 1549; x_wconf 91' lang='lat' dir='ltr'>puto</span> <span class='ocrx_word' id='word_1_176' title='bbox 897 1514 907 1547; x_wconf 82' lang='lat'><em>3</em></span> <span class='ocrx_word' id='word_1_177' title='bbox 933 1499 965 1537; x_wconf 90' lang='lat' dir='ltr'>si</span> <span class='ocrx_word' id='word_1_178' title='bbox 981 1513 1022 1538; x_wconf 91' lang='lat' dir='ltr'>se</span> <span class='ocrx_word' id='word_1_179' title='bbox 1043 1499 1083 1537; x_wconf 90' lang='lat' dir='ltr'>in</span> <span class='ocrx_word' id='word_1_180' title='bbox 1099 1500 1213 1538; x_wconf 92' lang='lat' dir='ltr'>turba</span> <span class='ocrx_word' id='word_1_181' title='bbox 1233 1499 1267 1537; x_wconf 91' lang='lat' dir='ltr'>ei</span> <span class='ocrx_word' id='word_1_182' title='bbox 1289 1499 1365 1537; x_wconf 84' lang='lat' dir='ltr'>iam</span> <span class='ocrx_word' id='word_1_183' title='bbox 1387 1498 1580 1546; x_wconf 87' lang='lat' dir='ltr'>obtulerit,</span> 
     </span>
     <span class='ocr_line' id='line_1_22' title="bbox 262 1563 1584 1613; baseline -0.001 -12"><span class='ocrx_word' id='word_1_184' title='bbox 262 1563 436 1602; x_wconf 92' lang='lat' dir='ltr'>occisum</span> <span class='ocrx_word' id='word_1_185' title='bbox 457 1563 501 1601; x_wconf 90' lang='lat' dir='ltr'>iri</span> <span class='ocrx_word' id='word_1_186' title='bbox 521 1565 571 1602; x_wconf 92' lang='lat' dir='ltr'>ab</span> <span class='ocrx_word' id='word_1_187' title='bbox 592 1563 677 1613; x_wconf 90' lang='lat' dir='ltr'>ipso</span> <span class='ocrx_word' id='word_1_188' title='bbox 700 1564 853 1602; x_wconf 87' lang='lat' dir='ltr'>Milone</span> <span class='ocrx_word' id='word_1_189' title='bbox 872 1563 1000 1602; x_wconf 90' lang='lat' dir='ltr'>video.</span> <span class='ocrx_word' id='word_1_190' title='bbox 1043 1565 1137 1601; x_wconf 90' lang='lat' dir='ltr'>Non</span> <span class='ocrx_word' id='word_1_191' title='bbox 1157 1563 1311 1602; x_wconf 87' lang='lat' dir='ltr'>dubitat</span> <span class='ocrx_word' id='word_1_192' title='bbox 1332 1565 1468 1610; x_wconf 84' lang='lat' dir='ltr'>facere,</span> <span class='ocrx_word' id='word_1_193' title='bbox 1492 1576 1584 1612; x_wconf 91' lang='lat' dir='ltr'>prae</span> 
     </span>
     <span class='ocr_line' id='line_1_23' title="bbox 261 1627 1583 1677; baseline -0.001 -11"><span class='ocrx_word' id='word_1_194' title='bbox 261 1641 302 1666; x_wconf 87' lang='lat' dir='ltr'>se</span> <span class='ocrx_word' id='word_1_195' title='bbox 330 1630 426 1676; x_wconf 81' lang='lat' dir='ltr'>fert3</span> <span class='ocrx_word' id='word_1_196' title='bbox 455 1642 589 1666; x_wconf 90' lang='lat' dir='ltr'>casum</span> <span class='ocrx_word' id='word_1_197' title='bbox 609 1628 718 1666; x_wconf 90' lang='lat' dir='ltr'>illum</span> <span class='ocrx_word' id='word_1_198' title='bbox 748 1636 925 1666; x_wconf 89' lang='lat' dir='ltr'>nostrum</span> <span class='ocrx_word' id='word_1_199' title='bbox 955 1641 1037 1666; x_wconf 91' lang='lat' dir='ltr'>non</span> <span class='ocrx_word' id='word_1_200' title='bbox 1066 1627 1295 1666; x_wconf 79' lang='lat' dir='ltr'>extimescit.</span> <span class='ocrx_word' id='word_1_201' title='bbox 1353 1629 1583 1677; x_wconf 85' lang='lat' dir='ltr'>Numquam</span> 
     </span>
     <span class='ocr_line' id='line_1_24' title="bbox 260 1693 1585 1744; baseline 0 -12"><span class='ocrx_word' id='word_1_202' title='bbox 260 1693 366 1732; x_wconf 91' lang='lat' dir='ltr'>enim</span> <span class='ocrx_word' id='word_1_203' title='bbox 397 1694 628 1744; x_wconf 87' lang='lat' dir='ltr'>cuiusquam</span> <span class='ocrx_word' id='word_1_204' title='bbox 662 1693 784 1732; x_wconf 83' lang='lat' dir='ltr'>invidi</span> <span class='ocrx_word' id='word_1_205' title='bbox 817 1702 856 1732; x_wconf 89' lang='lat' dir='ltr'>et</span> <span class='ocrx_word' id='word_1_206' title='bbox 886 1693 1026 1744; x_wconf 89' lang='lat' dir='ltr'>perfidi</span> <span class='ocrx_word' id='word_1_207' title='bbox 1055 1693 1221 1732; x_wconf 89' lang='lat' dir='ltr'>consilio</span> <span class='ocrx_word' id='word_1_208' title='bbox 1253 1700 1311 1732; x_wconf 89' lang='lat' dir='ltr'>est</span> <span class='ocrx_word' id='word_1_209' title='bbox 1340 1707 1479 1732; x_wconf 87' lang='lat' dir='ltr'>usurus</span> <span class='ocrx_word' id='word_1_210' title='bbox 1510 1707 1585 1732; x_wconf 87' lang='lat' dir='ltr'>nec</span> 
     </span>
     <span class='ocr_line' id='line_1_25' title="bbox 261 1757 765 1798; baseline 0.002 -2"><span class='ocrx_word' id='word_1_211' title='bbox 261 1757 372 1796; x_wconf 91' lang='lat' dir='ltr'>inerti</span> <span class='ocrx_word' id='word_1_212' title='bbox 394 1759 515 1797; x_wconf 90' lang='lat' dir='ltr'>nobili</span> <span class='ocrx_word' id='word_1_213' title='bbox 537 1759 765 1798; x_wconf 89' lang='lat' dir='ltr'>crediturus.</span> 
     </span>
    </p>

    <p class='ocr_par' dir='ltr' id='par_1_8' title="bbox 203 1822 1631 2066">
     <span class='ocr_line' id='line_1_26' title="bbox 203 1822 1631 1874; baseline 0 -12"><span class='ocrx_word' id='word_1_214' title='bbox 203 1836 240 1868; x_wconf 81' lang='lat'>25</span> <span class='ocrx_word' id='word_1_215' title='bbox 316 1825 400 1862; x_wconf 82' lang='lat' dir='ltr'>Nos</span> <span class='ocrx_word' id='word_1_216' title='bbox 437 1824 570 1862; x_wconf 89' lang='lat' dir='ltr'>animo</span> <span class='ocrx_word' id='word_1_217' title='bbox 602 1826 804 1863; x_wconf 79' lang='lat' dir='ltr'>dumtaxat</span> <span class='ocrx_word' id='word_1_218' title='bbox 836 1824 1012 1874; x_wconf 77' lang='lat' dir='ltr'>vigemus</span> <span class='ocrx_word' id='word_1_219' title='bbox 1046 1823 1164 1862; x_wconf 90' lang='lat' dir='ltr'>etiam</span> <span class='ocrx_word' id='word_1_220' title='bbox 1197 1822 1320 1873; x_wconf 79' lang='lat' dir='ltr'>magis</span> <span class='ocrx_word' id='word_1_221' title='bbox 1351 1837 1466 1872; x_wconf 75' lang='lat' dir='ltr'>qnam</span> <span class='ocrx_word' id='word_1_222' title='bbox 1492 1836 1580 1861; x_wconf 90' lang='lat' dir='ltr'>cum</span> <span class='ocrx_word' id='word_1_223' title='bbox 1603 1826 1631 1862; x_wconf 86' lang='lat'>6</span> 
     </span>
     <span class='ocr_line' id='line_1_27' title="bbox 261 1887 1583 1937; baseline -0.001 -11"><span class='ocrx_word' id='word_1_224' title='bbox 261 1890 507 1936; x_wconf 85' lang='lat' dir='ltr'>florebamus,</span> <span class='ocrx_word' id='word_1_225' title='bbox 541 1903 580 1927; x_wconf 93' lang='lat' dir='ltr'>re</span> <span class='ocrx_word' id='word_1_226' title='bbox 611 1889 787 1927; x_wconf 83' lang='lat' dir='ltr'>familiari</span> <span class='ocrx_word' id='word_1_227' title='bbox 819 1888 1052 1928; x_wconf 85' lang='lat' dir='ltr'>comminuti</span> <span class='ocrx_word' id='word_1_228' title='bbox 1083 1902 1228 1926; x_wconf 92' lang='lat' dir='ltr'>sumus.</span> <span class='ocrx_word' id='word_1_229' title='bbox 1289 1888 1426 1937; x_wconf 89' lang='lat' dir='ltr'>Quinti</span> <span class='ocrx_word' id='word_1_230' title='bbox 1461 1887 1583 1925; x_wconf 86' lang='lat' dir='ltr'>fratris</span> 
     </span>
     <span class='ocr_line' id='line_1_28' title="bbox 261 1952 1585 2004; baseline 0 -15"><span class='ocrx_word' id='word_1_231' title='bbox 261 1959 392 1991; x_wconf 85' lang='lat' dir='ltr'>tamen</span> <span class='ocrx_word' id='word_1_232' title='bbox 421 1953 641 1991; x_wconf 86' lang='lat' dir='ltr'>liberalitati</span> <span class='ocrx_word' id='word_1_233' title='bbox 675 1967 745 2004; x_wconf 91' lang='lat' dir='ltr'>pro</span> <span class='ocrx_word' id='word_1_234' title='bbox 779 1953 1029 1991; x_wconf 83' lang='lat' dir='ltr'>facultatibus</span> <span class='ocrx_word' id='word_1_235' title='bbox 1063 1952 1216 1999; x_wconf 89' lang='lat' dir='ltr'>nostris,</span> <span class='ocrx_word' id='word_1_236' title='bbox 1244 1966 1295 1990; x_wconf 91' lang='lat' dir='ltr'>ne</span> <span class='ocrx_word' id='word_1_237' title='bbox 1329 1952 1491 1990; x_wconf 89' lang='lat' dir='ltr'>omnino</span> <span class='ocrx_word' id='word_1_238' title='bbox 1526 1966 1585 1989; x_wconf 86' lang='lat' dir='ltr'>ex·</span> 
     </span>
     <span class='ocr_line' id='line_1_29' title="bbox 260 2016 1586 2066; baseline -0.001 -12"><span class='ocrx_word' id='word_1_239' title='bbox 260 2017 422 2055; x_wconf 89' lang='lat' dir='ltr'>haustus</span> <span class='ocrx_word' id='word_1_240' title='bbox 451 2030 588 2065; x_wconf 89' lang='lat' dir='ltr'>essem,</span> <span class='ocrx_word' id='word_1_241' title='bbox 611 2017 677 2056; x_wconf 90' lang='lat' dir='ltr'>illo</span> <span class='ocrx_word' id='word_1_242' title='bbox 697 2025 901 2056; x_wconf 87' lang='lat' dir='ltr'>recusante</span> <span class='ocrx_word' id='word_1_243' title='bbox 927 2017 1110 2055; x_wconf 88' lang='lat' dir='ltr'>subsidiis</span> <span class='ocrx_word' id='word_1_244' title='bbox 1136 2016 1352 2054; x_wconf 90' lang='lat' dir='ltr'>amicorum</span> <span class='ocrx_word' id='word_1_245' title='bbox 1377 2017 1586 2066; x_wconf 83' lang='lat' dir='ltr'>responde-</span> 
     </span>
    </p>
   </div>
   <div class='ocr_carea' id='block_1_3' title="bbox 259 2118 1586 2419">
    <p class='ocr_par' dir='ltr' id='par_1_9' title="bbox 259 2118 1586 2419">
     <span class='ocr_line' id='line_1_30' title="bbox 304 2118 1586 2161; baseline -0.001 -12"><span class='ocrx_word' id='word_1_246' title='bbox 304 2130 325 2159; x_wconf 89' lang='lat'>9</span> <span class='ocrx_word' id='word_1_247' title='bbox 349 2119 459 2160; x_wconf 86' lang='lat' dir='ltr'>lucos]</span> <span class='ocrx_word' id='word_1_248' title='bbox 478 2121 562 2151; x_wconf 85' lang='lat' dir='ltr'>duos</span> <span class='ocrx_word' id='word_1_249' title='bbox 579 2119 671 2151; x_wconf 88' lang='lat' dir='ltr'>lucos</span> <span class='ocrx_word' id='word_1_250' title='bbox 692 2120 881 2161; x_wconf 76' lang='lat' dir='ltr'>Wesenberg</span> <span class='ocrx_word' id='word_1_251' title='bbox 896 2121 961 2151; x_wconf 87' lang='lat' dir='ltr'>coll.</span> <span class='ocrx_word' id='word_1_252' title='bbox 982 2120 1119 2150; x_wconf 71' lang='lat' dir='ltr'>DeDt&#39;v.</span> <span class='ocrx_word' id='word_1_253' title='bbox 1133 2120 1165 2150; x_wconf 71' lang='lat' dir='ltr'>ii,</span> <span class='ocrx_word' id='word_1_254' title='bbox 1179 2130 1230 2158; x_wconf 82' lang='lat'>40,</span> <span class='ocrx_word' id='word_1_255' title='bbox 1251 2118 1323 2149; x_wconf 80' lang='lat' dir='ltr'><em>Lz&#39;v.</em></span> <span class='ocrx_word' id='word_1_256' title='bbox 1344 2119 1363 2149; x_wconf 93' lang='lat' dir='ltr'>i.</span> <span class='ocrx_word' id='word_1_257' title='bbox 1380 2119 1408 2149; x_wconf 82' lang='lat'>8.</span> <span class='ocrx_word' id='word_1_258' title='bbox 1430 2129 1469 2157; x_wconf 84' lang='lat'>5:</span> <span class='ocrx_word' id='word_1_259' title='bbox 1495 2119 1586 2148; x_wconf 72' lang='lat' dir='ltr'>vicos</span> 
     </span>
     <span class='ocr_line' id='line_1_31' title="bbox 259 2161 1582 2201; baseline 0 -9"><span class='ocrx_word' id='word_1_260' title='bbox 259 2162 389 2201; x_wconf 83' lang='lat' dir='ltr'>Jordan</span> <span class='ocrx_word' id='word_1_261' title='bbox 577 2171 614 2200; x_wconf 86' lang='lat'>15</span> <span class='ocrx_word' id='word_1_262' title='bbox 654 2162 753 2201; x_wconf 90' lang='lat' dir='ltr'>pauci</span> <span class='ocrx_word' id='word_1_263' title='bbox 791 2163 838 2192; x_wconf 90' lang='lat' dir='ltr'>F:</span> <span class='ocrx_word' id='word_1_264' title='bbox 878 2162 994 2201; x_wconf 80' lang='lat' dir='ltr'>paucis</span> <span class='ocrx_word' id='word_1_265' title='bbox 1025 2162 1063 2191; x_wconf 94' lang='lat' dir='ltr'>M</span> <span class='ocrx_word' id='word_1_266' title='bbox 1098 2161 1174 2193; x_wconf 82' lang='lat' dir='ltr'><em>Vict.</em></span> <span class='ocrx_word' id='word_1_267' title='bbox 1313 2163 1475 2201; x_wconf 82' lang='lat' dir='ltr'>pannosis</span> <span class='ocrx_word' id='word_1_268' title='bbox 1508 2162 1582 2192; x_wconf 76' lang='lat' dir='ltr'>Vz&#39;ct.</span> 
     </span>
     <span class='ocr_line' id='line_1_32' title="bbox 261 2204 1584 2237; baseline -0.002 -1"><span class='ocrx_word' id='word_1_269' title='bbox 261 2205 353 2236; x_wconf 88' lang='lat' dir='ltr'>linea</span> <span class='ocrx_word' id='word_1_270' title='bbox 370 2206 526 2236; x_wconf 84' lang='lat' dir='ltr'>lanterna</span> <span class='ocrx_word' id='word_1_271' title='bbox 544 2205 665 2236; x_wconf 74' lang='lat' dir='ltr'>Rosius</span> <span class='ocrx_word' id='word_1_272' title='bbox 680 2218 686 2237; x_wconf 73' lang='grc' dir='ltr'>ε</span> <span class='ocrx_word' id='word_1_273' title='bbox 710 2206 785 2236; x_wconf 90' lang='lat' dir='ltr'>sine</span> <span class='ocrx_word' id='word_1_274' title='bbox 802 2206 979 2236; x_wconf 86' lang='lat' dir='ltr'>alanterna</span> <span class='ocrx_word' id='word_1_275' title='bbox 998 2205 1039 2235; x_wconf 90' lang='lat' dir='ltr'>M</span> <span class='ocrx_word' id='word_1_276' title='bbox 1173 2206 1210 2235; x_wconf 90' lang='lat'>18</span> <span class='ocrx_word' id='word_1_277' title='bbox 1235 2209 1308 2235; x_wconf 79' lang='lat' dir='ltr'>ante</span> <span class='ocrx_word' id='word_1_278' title='bbox 1326 2206 1437 2234; x_wconf 83' lang='lat' dir='ltr'>divina</span> <span class='ocrx_word' id='word_1_279' title='bbox 1455 2204 1529 2234; x_wconf 83' lang='lat' dir='ltr'>add.</span> <span class='ocrx_word' id='word_1_280' title='bbox 1548 2215 1584 2234; x_wconf 85' lang='lat' dir='ltr'>ac</span> 
     </span>
     <span class='ocr_line' id='line_1_33' title="bbox 260 2242 1583 2280; baseline -0.002 -1"><span class='ocrx_word' id='word_1_281' title='bbox 260 2249 349 2280; x_wconf 71' lang='lat' dir='ltr'>Reid</span> <span class='ocrx_word' id='word_1_282' title='bbox 477 2259 519 2279; x_wconf 90' lang='lat'>20</span> <span class='ocrx_word' id='word_1_283' title='bbox 543 2249 571 2279; x_wconf 86' lang='lat' dir='ltr'>si</span> <span class='ocrx_word' id='word_1_284' title='bbox 588 2259 625 2279; x_wconf 91' lang='lat' dir='ltr'>se</span> <span class='ocrx_word' id='word_1_285' title='bbox 642 2249 676 2278; x_wconf 91' lang='lat' dir='ltr'>in</span> <span class='ocrx_word' id='word_1_286' title='bbox 695 2249 790 2279; x_wconf 83' lang='lat' dir='ltr'>turba</span> <span class='ocrx_word' id='word_1_287' title='bbox 808 2249 838 2279; x_wconf 81' lang='lat' dir='ltr'>ei</span> <span class='ocrx_word' id='word_1_288' title='bbox 856 2249 917 2278; x_wconf 88' lang='lat' dir='ltr'>iam</span> <span class='ocrx_word' id='word_1_289' title='bbox 938 2249 1057 2279; x_wconf 68' lang='lat' dir='ltr'><em>Klotz:</em></span> <span class='ocrx_word' id='word_1_290' title='bbox 1082 2248 1109 2278; x_wconf 75' lang='lat' dir='ltr'>si</span> <span class='ocrx_word' id='word_1_291' title='bbox 1128 2258 1164 2278; x_wconf 91' lang='lat' dir='ltr'>se</span> <span class='ocrx_word' id='word_1_292' title='bbox 1182 2249 1229 2278; x_wconf 87' lang='lat' dir='ltr'>uti</span> <span class='ocrx_word' id='word_1_293' title='bbox 1248 2248 1365 2278; x_wconf 72' lang='lat' dir='ltr'>turbae</span> <span class='ocrx_word' id='word_1_294' title='bbox 1382 2249 1446 2277; x_wconf 80' lang='lat' dir='ltr'>iam</span> <span class='ocrx_word' id='word_1_295' title='bbox 1458 2242 1583 2277; x_wconf 74' lang='lat' dir='ltr'><em>NCZb:</em></span> 
     </span>
     <span class='ocr_line' id='line_1_34' title="bbox 261 2291 1585 2328; baseline -0.002 -6"><span class='ocrx_word' id='word_1_296' title='bbox 261 2293 290 2322; x_wconf 86' lang='lat' dir='ltr'>si</span> <span class='ocrx_word' id='word_1_297' title='bbox 311 2293 460 2323; x_wconf 84' lang='lat' dir='ltr'>sentitur</span> <span class='ocrx_word' id='word_1_298' title='bbox 480 2293 587 2323; x_wconf 85' lang='lat' dir='ltr'>veiam</span> <span class='ocrx_word' id='word_1_299' title='bbox 613 2292 673 2322; x_wconf 87' lang='lat' dir='ltr'>M:</span> <span class='ocrx_word' id='word_1_300' title='bbox 696 2293 726 2322; x_wconf 87' lang='lat' dir='ltr'>si</span> <span class='ocrx_word' id='word_1_301' title='bbox 752 2302 789 2322; x_wconf 89' lang='lat' dir='ltr'>se</span> <span class='ocrx_word' id='word_1_302' title='bbox 812 2293 845 2322; x_wconf 93' lang='lat' dir='ltr'>in</span> <span class='ocrx_word' id='word_1_303' title='bbox 873 2292 968 2321; x_wconf 83' lang='lat' dir='ltr'>turba</span> <span class='ocrx_word' id='word_1_304' title='bbox 991 2292 1020 2321; x_wconf 90' lang='lat' dir='ltr'>ei</span> <span class='ocrx_word' id='word_1_305' title='bbox 1041 2292 1172 2321; x_wconf 85' lang='lat' dir='ltr'>obviam</span> <span class='ocrx_word' id='word_1_306' title='bbox 1197 2291 1274 2322; x_wconf 83' lang='lat' dir='ltr'>coni.</span> <span class='ocrx_word' id='word_1_307' title='bbox 1303 2291 1418 2321; x_wconf 81' lang='lat' dir='ltr'>Bm&#39;ler</span> <span class='ocrx_word' id='word_1_308' title='bbox 1545 2300 1585 2328; x_wconf 83' lang='lat'>23</span> 
     </span>
     <span class='ocr_line' id='line_1_35' title="bbox 262 2332 1585 2375; baseline -0.002 -10"><span class='ocrx_word' id='word_1_309' title='bbox 262 2345 383 2366; x_wconf 83' lang='lat' dir='ltr'>usurus</span> <span class='ocrx_word' id='word_1_310' title='bbox 401 2335 499 2366; x_wconf 71' lang='lat' dir='ltr'>Klotz</span> <span class='ocrx_word' id='word_1_311' title='bbox 514 2346 520 2366; x_wconf 93' lang='lat'>:</span> <span class='ocrx_word' id='word_1_312' title='bbox 546 2345 627 2366; x_wconf 88' lang='lat' dir='ltr'>usus</span> <span class='ocrx_word' id='word_1_313' title='bbox 643 2333 734 2367; x_wconf 84' lang='lat' dir='ltr'>codd.</span> <span class='ocrx_word' id='word_1_314' title='bbox 867 2344 906 2373; x_wconf 82' lang='lat'>25</span> <span class='ocrx_word' id='word_1_315' title='bbox 931 2345 1030 2373; x_wconf 85' lang='lat' dir='ltr'>qnam</span> <span class='ocrx_word' id='word_1_316' title='bbox 1043 2335 1119 2365; x_wconf 79' lang='lat' dir='ltr'>add.</span> <span class='ocrx_word' id='word_1_317' title='bbox 1137 2334 1224 2375; x_wconf 83' lang='lat' dir='ltr'>vulg.</span> <span class='ocrx_word' id='word_1_318' title='bbox 1348 2344 1388 2373; x_wconf 89' lang='lat'>27</span> <span class='ocrx_word' id='word_1_319' title='bbox 1413 2332 1473 2373; x_wconf 84' lang='lat' dir='ltr'>ne]</span> <span class='ocrx_word' id='word_1_320' title='bbox 1491 2339 1525 2364; x_wconf 89' lang='lat' dir='ltr'>et</span> <span class='ocrx_word' id='word_1_321' title='bbox 1542 2344 1585 2363; x_wconf 88' lang='lat' dir='ltr'>ne</span> 
     </span>
     <span class='ocr_line' id='line_1_36' title="bbox 267 2377 1011 2419; baseline 0 -12"><span class='ocrx_word' id='word_1_322' title='bbox 267 2377 454 2419; x_wconf 79' lang='lat' dir='ltr'>Wesenberg</span> <span class='ocrx_word' id='word_1_323' title='bbox 592 2380 633 2408; x_wconf 82' lang='lat'>28</span> <span class='ocrx_word' id='word_1_324' title='bbox 658 2378 897 2418; x_wconf 87' lang='lat' dir='ltr'>respondimus</span> <span class='ocrx_word' id='word_1_325' title='bbox 913 2378 1011 2408; x_wconf 78' lang='lat' dir='ltr'>Klotz</span> 
     </span>
    </p>
   </div>
   <div class='ocr_carea' id='block_1_4' title="bbox 1458 2445 1498 2500">
    <p class='ocr_par' dir='ltr' id='par_1_10' title="bbox 1458 2445 1498 2500">
     <span class='ocr_line' id='line_1_37' title="bbox 1458 2445 1498 2500; baseline 0 -17"><span class='ocrx_word' id='word_1_326' title='bbox 1458 2445 1498 2500; x_wconf 52' lang='lat'>&#39;8⁴2</span> 
     </span>
    </p>
   </div>
  </div>
 </body>
</html>
