1817 2832
130 113 262 151 VII.i
625 114 682 151 M.
713 112 882 150 TVLLI
913 110 1220 151 CICERONIS

254 223 363 263 omni
384 230 486 263 statu
511 236 601 262 meo
630 222 788 272 cogites.
847 221 994 260 Videre
1023 220 1128 260 enim
1159 219 1255 259 mihi
1274 220 1409 259 videor
1435 226 1584 258 tantam

254 288 562 335 dimicationem,
585 287 660 325 nisi
689 287 795 326 idem
821 288 918 325 deus
939 285 1007 336 qui
1031 299 1104 325 nos
1134 285 1273 325 melius
1300 299 1418 336 quam
1449 293 1584 335 optare

252 355 488 392 auderemus
519 351 702 391 Parthico
741 352 847 390 bello
877 350 1053 389 liberavit
1091 349 1302 401 respexerit
1339 363 1421 388 rem
1459 349 1584 400 publi-

252 418 479 465 cam,——sed
500 424 649 456 tantam
670 424 817 467 quanta
836 429 1054 467 numquam
1075 415 1159 454 fuit.
1225 417 1321 465 Age,
1338 415 1416 453 hoc
1436 416 1583 453 malum

254 483 350 521 mihi
371 497 585 522 commune
606 490 664 521 est
685 496 776 521 cum
798 481 996 521 omnibus.
1056 480 1166 519 Nihil
1193 480 1264 520 tibi
1293 482 1440 519 mando
1469 488 1512 519 ut
1532 482 1583 520 de
1604 492 1621 524 5

252 561 300 587 eo
323 547 482 598 cogites,
507 548 605 587 illud
627 561 759 586 meum
780 546 982 598 proprium
1002 547 1224 597 πρόβλημα,
1239 559 1398 596 quaeso,
1416 544 1580 595 suscipe.

252 612 429 652 Videsne
450 620 492 651 ut
513 620 551 651 te
570 620 731 651 auctore
747 612 821 650 sim
838 620 1048 662 utrumque
1065 612 1324 662 complexus?
1366 612 1427 648 Ac
1442 611 1583 649 vellem

251 692 275 718 a
294 677 488 729 principio
509 685 546 717 te
566 677 724 716 audisse
744 676 981 715 amicissime
1003 683 1243 715 monentem.

405 744 513 782 Ἀλλ’
543 745 631 794 ἐμὸν
659 744 793 781 οὔποτε
822 742 938 793 θυμὸν
966 742 1017 781 ἐνὶ
1047 743 1255 793 στήθεσσιν
1284 741 1432 781 ἔπειθες.

252 810 331 847 Sed
361 808 578 860 aliquando
608 815 740 847 tamen
774 807 999 858 persuasisti
1029 814 1072 846 ut
1105 809 1270 846 alterum
1301 807 1584 857 complecterer
1606 821 1646 844 10

251 874 344 924 quia
365 875 415 913 de
443 887 506 912 me
533 881 614 912 erat
641 873 790 924 optime
812 873 983 920 meritus,
1005 874 1171 912 alterum
1192 871 1284 922 quia
1310 879 1464 910 tantum
1484 872 1583 910 vale-

254 939 330 977 bat.
392 938 484 978 Feci
522 938 638 989 igitur
675 938 807 989 itaque
847 937 959 977 effeci
997 937 1107 977 omni
1145 937 1338 987 obsequio
1376 944 1419 975 ut
1457 937 1584 975 neutri

212 1014 236 1050 3
255 1004 409 1043 illorum
424 1004 633 1055 quisquam
654 1011 757 1043 esset
777 1017 841 1043 rne
861 1003 995 1042 carior.
1043 1005 1159 1042 Haec
1179 1002 1284 1041 enim
1301 1002 1583 1052 cogitabamus,

254 1083 327 1108 nec
357 1069 453 1108 mihi
483 1069 698 1108 coniuncto
727 1082 818 1108 cum
850 1068 1042 1120 Pompeio
1072 1070 1153 1108 fore
1180 1081 1341 1106 necesse
1361 1081 1524 1118 peccare
1544 1067 1585 1105 in

252 1148 292 1173 re
311 1134 470 1185 publica
490 1134 704 1185 aliquando
726 1148 799 1173 nec
820 1148 911 1173 cum
933 1135 1101 1174 Caesare
1122 1132 1305 1172 sentienti
1325 1134 1583 1183 pugnandum
1608 1145 1643 1178 15

253 1214 338 1239 esse
358 1213 450 1239 cum
473 1200 676 1251 Pompeio.
735 1202 865 1238 Tanta
885 1207 965 1239 erat
986 1200 1141 1239 illorum
1163 1198 1402 1238 coniunctio.
1465 1200 1584 1237 Nunc

253 1264 468 1316 impendet,
492 1274 534 1304 ut
564 1274 602 1305 et
632 1274 673 1304 tu
704 1266 880 1305 ostendis
911 1273 949 1305 et
976 1279 1050 1317 ego
1069 1266 1196 1312 video,
1221 1278 1375 1304 summa
1395 1264 1495 1303 inter
1515 1278 1583 1303 eos

252 1333 465 1370 contentio.
527 1333 597 1370 Me
630 1339 762 1370 autem
794 1339 959 1382 uterque
997 1339 1177 1370 numerat
1216 1345 1342 1378 suum,
1376 1330 1451 1369 nisi
1485 1332 1584 1370 forte

252 1395 409 1434 simulat
446 1397 551 1435 alter.
612 1398 717 1435 Nam
757 1396 971 1446 Pompeius
1010 1410 1092 1435 non
1129 1396 1310 1444 dubitat,
1350 1410 1439 1435 vere
1477 1395 1583 1434 enim

251 1460 399 1500 iudicat
420 1475 465 1500 ea
490 1475 590 1512 quae
620 1462 670 1500 de
697 1475 737 1500 re
767 1462 926 1512 publica
953 1476 1060 1501 nunc
1087 1461 1229 1501 sentiat
1249 1461 1346 1500 mihi
1366 1462 1480 1500 valde
1500 1474 1585 1511 pro·
1607 1477 1644 1499 20

253 1526 346 1566 bari.
403 1527 617 1577 Vtriusque
648 1534 779 1565 autem
818 1526 954 1578 accepi
993 1527 1076 1566 eius
1115 1526 1224 1566 modi
1262 1527 1407 1565 litteras
1441 1527 1583 1565 eodem

253 1599 430 1642 tempore
469 1606 548 1642 quo
580 1599 677 1639 tuas,
718 1600 760 1630 ut
794 1600 932 1631 neuter
966 1606 1207 1642 quemquam
1245 1591 1424 1631 omnium
1463 1590 1583 1641 pluris

206 1658 379 1704 4facere
418 1671 537 1707 quam
577 1671 639 1695 me
677 1657 883 1696 videretur.
953 1659 1102 1696 Verum
1142 1657 1238 1707 quid
1276 1658 1420 1706 agam?
1488 1657 1582 1693 Non

252 1735 399 1772 quaero
429 1722 493 1760 illa
522 1721 659 1760 ultima
688 1720 738 1773 (si
768 1721 873 1760 enim
903 1721 1037 1760 castris
1067 1735 1126 1760 res
1155 1729 1317 1772 geretur,
1349 1721 1466 1759 video
1490 1734 1580 1758 cum

251 1789 374 1826 altero
394 1787 498 1825 vinci
528 1786 648 1825 satius
680 1800 765 1826 esse
795 1800 913 1836 quam
945 1801 1035 1825 cum
1066 1788 1189 1825 altero
1209 1786 1393 1835 vincere),
1417 1787 1486 1824 sed
1517 1785 1581 1824 illa
1603 1802 1640 1834 25

250 1866 351 1903 quae
381 1860 464 1891 tum
494 1859 657 1902 agentur
686 1865 777 1890 cum
798 1866 953 1899 venero,
977 1866 1026 1891 ne
1053 1851 1151 1890 ratio
1177 1851 1350 1890 absentis
1378 1852 1580 1899 habeatur,

249 1925 292 1956 ut
325 1916 538 1956 exercitum
570 1917 753 1956 dimittat.
814 1919 928 1964 Ἴης,
965 1919 1020 1955 Μ.
1057 1919 1214 1955 Tvmss
1272 1916 1381 1965 Quid
1421 1916 1581 1954 dicam?

253 1984 480 2032 ‘Exspecta‚
498 1983 642 2020 amabo
664 1990 712 2029 te,
735 1983 831 2020 dum
855 1982 1029 2019 Atticum
1052 1981 1285 2020 conveniam
1303 1983 1339 2019 ³?
1397 1983 1490 2019 Non
1522 1989 1580 2020 est

248 2050 358 2087 locus
388 2050 438 2087 ad
469 2047 814 2098 tergiversandum.
874 2049 1022 2087 Contra
1054 2049 1296 2087 Caesarem?
1355 2047 1455 2086 ‘Vbi
1490 2047 1578 2086 illae

249 2121 339 2151 sunt
370 2115 516 2152 densae
548 2114 783 2152 dexterae?'
841 2114 947 2151 Nam
986 2120 1028 2150 ut
1066 2112 1120 2150 illi
1159 2114 1235 2151 hoc
1274 2112 1407 2152 liceret
1444 2112 1577 2152 adiuvi
1597 2127 1639 2159 30

248 2187 404 2229 rogatus
431 2180 481 2218 ab
510 2179 595 2229 ipso
618 2181 833 2218 Ravennae
860 2180 910 2217 de
932 2178 1069 2217 Caelio
1099 2178 1257 2217 tribuno
1287 2180 1336 2229 pl.
1398 2179 1462 2217 Ab
1491 2178 1578 2228 ipso

292 2285 311 2313 8
335 2284 503 2315 audissem
529 2283 650 2315 Lamb.
838 2293 876 2313 12
900 2282 1012 2322 itaque
1036 2281 1096 2313 M:
1133 2283 1232 2322 idque
1259 2282 1441 2313 Graevius:
1477 2288 1577 2321 atque

249 2327 344 2358 Man.
499 2339 539 2367 24
566 2328 621 2358 illa
640 2327 755 2357 ultima
781 2327 825 2358 C:
860 2327 913 2356 illa
943 2327 1047 2357 ultum
1075 2325 1189 2356 EPR:
1215 2338 1278 2357 om.
1307 2325 1573 2365 NHOMsCrat„

248 2371 285 2410 cs.
306 2371 479 2402 Lehmann
499 2372 647 2412 ‘Att.'p.
671 2381 728 2411 174
863 2380 905 2409 30
930 2375 1048 2401 tensae
1075 2370 1176 2402 Orelli
