<?xml version="1.0" encoding="UTF-8"?>
<!DOCTYPE html PUBLIC "-//W3C//DTD XHTML 1.0 Transitional//EN"
    "http://www.w3.org/TR/xhtml1/DTD/xhtml1-transitional.dtd">
<html xmlns="http://www.w3.org/1999/xhtml" xml:lang="en" lang="en">
 <head>
  <title>
</title>
<meta http-equiv="Content-Type" content="text/html;charset=utf-8" />
  <meta name='ocr-system' content='tesseract 3.04.00' />
  <meta name='ocr-capabilities' content='ocr_page ocr_carea ocr_par ocr_line ocrx_word'/>
</head>
<body>
  <div class='ocr_page' id='page_1' title='image "./epistulaerecogno0201ciceuoft_0161.png"; bbox 0 0 1817 2832; ppageno 0'>
   <div class='ocr_carea' id='block_1_1' title="bbox 617 133 1654 175">
    <p class='ocr_par' dir='ltr' id='par_1_1' title="bbox 617 133 1654 175">
     <span class='ocr_line' id='line_1_1' title="bbox 617 133 1654 175; baseline -0.004 -2"><span class='ocrx_word' id='word_1_1' title='bbox 617 136 730 174; x_wconf 89' lang='lat' dir='ltr'><strong>EPP.</strong></span> <span class='ocrx_word' id='word_1_2' title='bbox 761 136 842 173; x_wconf 94' lang='lat' dir='ltr'>AD</span> <span class='ocrx_word' id='word_1_3' title='bbox 870 135 1130 175; x_wconf 87' lang='lat' dir='ltr'>ATTICVM</span> <span class='ocrx_word' id='word_1_4' title='bbox 1485 135 1554 171; x_wconf 90' lang='lat' dir='ltr'>IV.</span> <span class='ocrx_word' id='word_1_5' title='bbox 1578 133 1654 169; x_wconf 84' lang='lat' dir='ltr'>xix</span> 
     </span>
    </p>
   </div>
   <div class='ocr_carea' id='block_1_2' title="bbox 174 245 1561 1007">
    <p class='ocr_par' dir='ltr' id='par_1_2' title="bbox 174 245 1561 1007">
     <span class='ocr_line' id='line_1_2' title="bbox 227 245 1561 297; baseline -0.002 -12"><span class='ocrx_word' id='word_1_6' title='bbox 227 259 302 296; x_wconf 86' lang='lat' dir='ltr'>ego</span> <span class='ocrx_word' id='word_1_7' title='bbox 321 259 447 285; x_wconf 86' lang='lat' dir='ltr'>essem</span> <span class='ocrx_word' id='word_1_8' title='bbox 468 245 687 297; x_wconf 87' lang='lat' dir='ltr'>imperator.</span> <span class='ocrx_word' id='word_1_9' title='bbox 742 246 924 285; x_wconf 83' lang='lat' dir='ltr'>Hiberna</span> <span class='ocrx_word' id='word_1_10' title='bbox 939 246 1104 296; x_wconf 83' lang='lat' dir='ltr'>legionis</span> <span class='ocrx_word' id='word_1_11' title='bbox 1120 245 1290 296; x_wconf 87' lang='lat' dir='ltr'>eligendi</span> <span class='ocrx_word' id='word_1_12' title='bbox 1306 245 1416 295; x_wconf 89' lang='lat' dir='ltr'>optio</span> <span class='ocrx_word' id='word_1_13' title='bbox 1431 245 1561 283; x_wconf 88' lang='lat' dir='ltr'>delata</span> 
     </span>
     <span class='ocr_line' id='line_1_3' title="bbox 228 311 1560 360; baseline 0 -12"><span class='ocrx_word' id='word_1_14' title='bbox 228 312 498 358; x_wconf 88' lang='lat' dir='ltr'>commodum,</span> <span class='ocrx_word' id='word_1_15' title='bbox 513 319 555 349; x_wconf 88' lang='lat' dir='ltr'>ut</span> <span class='ocrx_word' id='word_1_16' title='bbox 574 312 626 350; x_wconf 88' lang='lat' dir='ltr'>ad</span> <span class='ocrx_word' id='word_1_17' title='bbox 646 325 710 350; x_wconf 89' lang='lat' dir='ltr'>me</span> <span class='ocrx_word' id='word_1_18' title='bbox 723 311 897 360; x_wconf 87' lang='lat' dir='ltr'>Quintus</span> <span class='ocrx_word' id='word_1_19' title='bbox 917 311 1060 350; x_wconf 84' lang='lat' dir='ltr'>scribit.</span> <span class='ocrx_word' id='word_1_20' title='bbox 1121 313 1245 349; x_wconf 84' lang='lat' dir='ltr'>Hunc</span> <span class='ocrx_word' id='word_1_21' title='bbox 1260 318 1302 349; x_wconf 90' lang='lat' dir='ltr'>tu</span> <span class='ocrx_word' id='word_1_22' title='bbox 1322 324 1403 349; x_wconf 92' lang='lat' dir='ltr'>non</span> <span class='ocrx_word' id='word_1_23' title='bbox 1423 311 1560 348; x_wconf 86' lang='lat' dir='ltr'>ames?</span> 
     </span>
     <span class='ocr_line' id='line_1_4' title="bbox 228 375 696 426; baseline 0.002 -13"><span class='ocrx_word' id='word_1_24' title='bbox 228 389 347 426; x_wconf 89' lang='lat' dir='ltr'>quem</span> <span class='ocrx_word' id='word_1_25' title='bbox 367 375 483 425; x_wconf 84' lang='lat' dir='ltr'>igitur</span> <span class='ocrx_word' id='word_1_26' title='bbox 501 375 664 414; x_wconf 91' lang='lat' dir='ltr'>istorum</span> <span class='ocrx_word' id='word_1_27' title='bbox 677 378 696 414; x_wconf 89' lang='lat'>?</span> 
     </span>
     <span class='ocr_line' id='line_1_5' title="bbox 283 439 1557 491; baseline 0 -13"><span class='ocrx_word' id='word_1_28' title='bbox 283 441 361 478; x_wconf 91' lang='lat' dir='ltr'>Sed</span> <span class='ocrx_word' id='word_1_29' title='bbox 381 442 480 479; x_wconf 92' lang='lat' dir='ltr'>heus</span> <span class='ocrx_word' id='word_1_30' title='bbox 500 448 541 478; x_wconf 90' lang='lat' dir='ltr'>tu</span> <span class='ocrx_word' id='word_1_31' title='bbox 559 444 566 478; x_wconf 82' lang='lat'>!</span> <span class='ocrx_word' id='word_1_32' title='bbox 596 441 878 491; x_wconf 82' lang='lat' dir='ltr'>scripseramne</span> <span class='ocrx_word' id='word_1_33' title='bbox 897 441 968 479; x_wconf 87' lang='lat' dir='ltr'>tibi</span> <span class='ocrx_word' id='word_1_34' title='bbox 989 455 1053 480; x_wconf 91' lang='lat' dir='ltr'>me</span> <span class='ocrx_word' id='word_1_35' title='bbox 1073 455 1159 480; x_wconf 87' lang='lat' dir='ltr'>esse</span> <span class='ocrx_word' id='word_1_36' title='bbox 1177 442 1349 491; x_wconf 82' lang='lat' dir='ltr'>legatum</span> <span class='ocrx_word' id='word_1_37' title='bbox 1366 439 1557 490; x_wconf 88' lang='lat' dir='ltr'>Pompeio</span> 
     </span>
     <span class='ocr_line' id='line_1_6' title="bbox 191 505 1557 556; baseline -0.001 -11"><span class='ocrx_word' id='word_1_38' title='bbox 191 514 208 545; x_wconf 89' lang='grc'>5</span> <span class='ocrx_word' id='word_1_39' title='bbox 229 512 268 543; x_wconf 88' lang='lat' dir='ltr'>et</span> <span class='ocrx_word' id='word_1_40' title='bbox 297 513 403 543; x_wconf 85' lang='lat' dir='ltr'>extra</span> <span class='ocrx_word' id='word_1_41' title='bbox 429 505 568 543; x_wconf 89' lang='lat' dir='ltr'>urbem</span> <span class='ocrx_word' id='word_1_42' title='bbox 597 505 758 556; x_wconf 83' lang='lat' dir='ltr'>quidem</span> <span class='ocrx_word' id='word_1_43' title='bbox 792 507 875 544; x_wconf 88' lang='lat' dir='ltr'>fore</span> <span class='ocrx_word' id='word_1_44' title='bbox 903 519 950 544; x_wconf 83' lang='lat' dir='ltr'>ex</span> <span class='ocrx_word' id='word_1_45' title='bbox 980 505 1121 544; x_wconf 91' lang='lat' dir='ltr'>Idibus</span> <span class='ocrx_word' id='word_1_46' title='bbox 1150 505 1371 544; x_wconf 79' lang='lat' dir='ltr'>Ianuariis?</span> <span class='ocrx_word' id='word_1_47' title='bbox 1417 505 1557 543; x_wconf 83' lang='lat' dir='ltr'>Visum</span> 
     </span>
     <span class='ocr_line' id='line_1_7' title="bbox 228 570 1557 620; baseline -0.001 -12"><span class='ocrx_word' id='word_1_48' title='bbox 228 577 287 608; x_wconf 91' lang='lat' dir='ltr'>est</span> <span class='ocrx_word' id='word_1_49' title='bbox 307 571 384 608; x_wconf 84' lang='lat' dir='ltr'>hoc</span> <span class='ocrx_word' id='word_1_50' title='bbox 410 570 506 608; x_wconf 87' lang='lat' dir='ltr'>mihi</span> <span class='ocrx_word' id='word_1_51' title='bbox 530 572 580 609; x_wconf 85' lang='lat' dir='ltr'>ad</span> <span class='ocrx_word' id='word_1_52' title='bbox 607 572 731 608; x_wconf 87' lang='lat' dir='ltr'>multa</span> <span class='ocrx_word' id='word_1_53' title='bbox 750 571 951 620; x_wconf 78' lang='lat' dir='ltr'>quadrare.</span> <span class='ocrx_word' id='word_1_54' title='bbox 1011 571 1090 609; x_wconf 88' lang='lat' dir='ltr'>Sed</span> <span class='ocrx_word' id='word_1_55' title='bbox 1110 570 1206 620; x_wconf 88' lang='lat' dir='ltr'>quid</span> <span class='ocrx_word' id='word_1_56' title='bbox 1226 572 1366 620; x_wconf 89' lang='lat' dir='ltr'>plura?</span> <span class='ocrx_word' id='word_1_57' title='bbox 1413 572 1557 609; x_wconf 84' lang='lat' dir='ltr'>Coram</span> 
     </span>
     <span class='ocr_line' id='line_1_8' title="bbox 229 634 1557 685; baseline -0.001 -12"><span class='ocrx_word' id='word_1_58' title='bbox 229 634 370 684; x_wconf 88' lang='lat' dir='ltr'>opinor</span> <span class='ocrx_word' id='word_1_59' title='bbox 400 634 560 685; x_wconf 88' lang='lat' dir='ltr'>reliqua,</span> <span class='ocrx_word' id='word_1_60' title='bbox 588 642 632 673; x_wconf 87' lang='lat' dir='ltr'>ut</span> <span class='ocrx_word' id='word_1_61' title='bbox 661 642 704 672; x_wconf 90' lang='lat' dir='ltr'>tu</span> <span class='ocrx_word' id='word_1_62' title='bbox 738 642 870 673; x_wconf 87' lang='lat' dir='ltr'>tamen</span> <span class='ocrx_word' id='word_1_63' title='bbox 903 634 1054 684; x_wconf 86' lang='lat' dir='ltr'>aliquid</span> <span class='ocrx_word' id='word_1_64' title='bbox 1087 642 1300 685; x_wconf 84' lang='lat' dir='ltr'>exspectes.</span> <span class='ocrx_word' id='word_1_65' title='bbox 1365 634 1557 683; x_wconf 87' lang='lat' dir='ltr'>Dionysio</span> 
     </span>
     <span class='ocr_line' id='line_1_9' title="bbox 228 699 1558 749; baseline -0.001 -12"><span class='ocrx_word' id='word_1_66' title='bbox 228 699 436 749; x_wconf 84' lang='lat' dir='ltr'>plurimam</span> <span class='ocrx_word' id='word_1_67' title='bbox 464 701 629 737; x_wconf 88' lang='lat' dir='ltr'>salutem</span> <span class='ocrx_word' id='word_1_68' title='bbox 643 714 654 747; x_wconf 76' lang='lat'>3</span> <span class='ocrx_word' id='word_1_69' title='bbox 683 699 746 737; x_wconf 89' lang='lat' dir='ltr'>cui</span> <span class='ocrx_word' id='word_1_70' title='bbox 770 699 932 749; x_wconf 87' lang='lat' dir='ltr'>quidem</span> <span class='ocrx_word' id='word_1_71' title='bbox 959 712 1034 749; x_wconf 83' lang='lat' dir='ltr'>ego</span> <span class='ocrx_word' id='word_1_72' title='bbox 1059 713 1141 738; x_wconf 90' lang='lat' dir='ltr'>non</span> <span class='ocrx_word' id='word_1_73' title='bbox 1169 701 1292 738; x_wconf 92' lang='lat' dir='ltr'>modo</span> <span class='ocrx_word' id='word_1_74' title='bbox 1317 699 1464 737; x_wconf 81' lang='lat' dir='ltr'>servavi</span> <span class='ocrx_word' id='word_1_75' title='bbox 1488 699 1558 737; x_wconf 87' lang='lat' dir='ltr'>sed</span> 
     </span>
     <span class='ocr_line' id='line_1_10' title="bbox 231 755 1560 814; baseline 0 -13"><span class='ocrx_word' id='word_1_76' title='bbox 231 763 349 802; x_wconf 88' lang='lat' dir='ltr'>etiarn</span> <span class='ocrx_word' id='word_1_77' title='bbox 375 764 579 803; x_wconf 85' lang='lat' dir='ltr'>aedificavi</span> <span class='ocrx_word' id='word_1_78' title='bbox 605 765 749 802; x_wconf 87' lang='lat' dir='ltr'>locum.</span> <span class='ocrx_word' id='word_1_79' title='bbox 809 764 919 813; x_wconf 84' lang='lat' dir='ltr'>Quid</span> <span class='ocrx_word' id='word_1_80' title='bbox 943 755 1127 814; x_wconf 86' lang='lat' dir='ltr'>quaeris?</span> <span class='ocrx_word' id='word_1_81' title='bbox 1154 765 1206 802; x_wconf 90' lang='lat' dir='ltr'>ad</span> <span class='ocrx_word' id='word_1_82' title='bbox 1232 778 1428 802; x_wconf 88' lang='lat' dir='ltr'>summam</span> <span class='ocrx_word' id='word_1_83' title='bbox 1454 763 1560 802; x_wconf 86' lang='lat' dir='ltr'>laeti-</span> 
     </span>
     <span class='ocr_line' id='line_1_11' title="bbox 174 828 1558 878; baseline 0.001 -14"><span class='ocrx_word' id='word_1_84' title='bbox 174 843 212 865; x_wconf 93' lang='lat'>10</span> <span class='ocrx_word' id='word_1_85' title='bbox 231 828 325 866; x_wconf 89' lang='lat' dir='ltr'>tiam</span> <span class='ocrx_word' id='word_1_86' title='bbox 346 842 474 866; x_wconf 83' lang='lat' dir='ltr'>meam</span> <span class='ocrx_word' id='word_1_87' title='bbox 491 842 609 878; x_wconf 88' lang='lat' dir='ltr'>quam</span> <span class='ocrx_word' id='word_1_88' title='bbox 629 842 677 866; x_wconf 86' lang='lat' dir='ltr'>ex</span> <span class='ocrx_word' id='word_1_89' title='bbox 696 836 765 866; x_wconf 93' lang='lat' dir='ltr'>tuo</span> <span class='ocrx_word' id='word_1_90' title='bbox 780 828 907 867; x_wconf 90' lang='lat' dir='ltr'>reditu</span> <span class='ocrx_word' id='word_1_91' title='bbox 923 828 1038 878; x_wconf 88' lang='lat' dir='ltr'>capio</span> <span class='ocrx_word' id='word_1_92' title='bbox 1058 841 1224 878; x_wconf 82' lang='lat' dir='ltr'>magnus</span> <span class='ocrx_word' id='word_1_93' title='bbox 1244 828 1345 866; x_wconf 88' lang='lat' dir='ltr'>illius</span> <span class='ocrx_word' id='word_1_94' title='bbox 1366 829 1558 866; x_wconf 84' lang='lat' dir='ltr'>adventus</span> 
     </span>
     <span class='ocr_line' id='line_1_12' title="bbox 231 893 1556 942; baseline 0 -11"><span class='ocrx_word' id='word_1_95' title='bbox 231 894 413 931; x_wconf 90' lang='lat' dir='ltr'>cumulus</span> <span class='ocrx_word' id='word_1_96' title='bbox 438 895 611 932; x_wconf 71' lang='lat' dir='ltr'>accedet.</span> <span class='ocrx_word' id='word_1_97' title='bbox 672 895 764 942; x_wconf 86' lang='lat' dir='ltr'>Quo</span> <span class='ocrx_word' id='word_1_98' title='bbox 789 893 855 932; x_wconf 93' lang='lat' dir='ltr'>die</span> <span class='ocrx_word' id='word_1_99' title='bbox 880 894 932 932; x_wconf 85' lang='lat' dir='ltr'>ad</span> <span class='ocrx_word' id='word_1_100' title='bbox 958 907 1023 932; x_wconf 90' lang='lat' dir='ltr'>me</span> <span class='ocrx_word' id='word_1_101' title='bbox 1047 893 1194 941; x_wconf 86' lang='lat' dir='ltr'>venies,</span> <span class='ocrx_word' id='word_1_102' title='bbox 1214 901 1268 941; x_wconf 91' lang='lat' dir='ltr'>tu,</span> <span class='ocrx_word' id='word_1_103' title='bbox 1292 893 1323 932; x_wconf 82' lang='lat' dir='ltr'>si</span> <span class='ocrx_word' id='word_1_104' title='bbox 1350 907 1414 932; x_wconf 88' lang='lat' dir='ltr'>me</span> <span class='ocrx_word' id='word_1_105' title='bbox 1436 907 1556 941; x_wconf 88' lang='lat' dir='ltr'>amas,</span> 
     </span>
     <span class='ocr_line' id='line_1_13' title="bbox 231 957 819 1007; baseline 0.003 -13"><span class='ocrx_word' id='word_1_106' title='bbox 231 957 336 1007; x_wconf 89' lang='lat' dir='ltr'>apud</span> <span class='ocrx_word' id='word_1_107' title='bbox 356 970 421 995; x_wconf 88' lang='lat' dir='ltr'>me</span> <span class='ocrx_word' id='word_1_108' title='bbox 439 970 531 995; x_wconf 86' lang='lat' dir='ltr'>cum</span> <span class='ocrx_word' id='word_1_109' title='bbox 551 957 628 995; x_wconf 88' lang='lat' dir='ltr'>tuis</span> <span class='ocrx_word' id='word_1_110' title='bbox 647 971 819 996; x_wconf 86' lang='lat' dir='ltr'>maneas.</span> 
     </span>
    </p>
   </div>
   <div class='ocr_carea' id='block_1_3' title="bbox 231 1060 1567 1146">
    <p class='ocr_par' dir='ltr' id='par_1_3' title="bbox 231 1060 1567 1146">
     <span class='ocr_line' id='line_1_14' title="bbox 278 1060 1567 1103; baseline 0.002 -12"><span class='ocrx_word' id='word_1_111' title='bbox 278 1070 292 1091; x_wconf 92' lang='lat'>1</span> <span class='ocrx_word' id='word_1_112' title='bbox 319 1060 474 1091; x_wconf 85' lang='lat' dir='ltr'>Hiberna</span> <span class='ocrx_word' id='word_1_113' title='bbox 497 1060 643 1100; x_wconf 84' lang='lat' dir='ltr'>legionis</span> <span class='ocrx_word' id='word_1_114' title='bbox 659 1060 840 1101; x_wconf 80' lang='lat' dir='ltr'>Nipperdey</span> <span class='ocrx_word' id='word_1_115' title='bbox 857 1074 865 1092; x_wconf 71' lang='grc' dir='ltr'><em>τ</em></span> <span class='ocrx_word' id='word_1_116' title='bbox 896 1062 1070 1092; x_wconf 89' lang='lat' dir='ltr'>hibernam</span> <span class='ocrx_word' id='word_1_117' title='bbox 1088 1062 1258 1101; x_wconf 83' lang='lat' dir='ltr'>legionem</span> <span class='ocrx_word' id='word_1_118' title='bbox 1279 1062 1367 1094; x_wconf 82' lang='lat' dir='ltr'>codd.</span> <span class='ocrx_word' id='word_1_119' title='bbox 1387 1062 1567 1103; x_wconf 72' lang='lat' dir='ltr'>Sternkopf</span> 
     </span>
     <span class='ocr_line' id='line_1_15' title="bbox 231 1103 1563 1146; baseline 0.002 -13"><span class='ocrx_word' id='word_1_120' title='bbox 231 1103 296 1134; x_wconf 87' lang='lat' dir='ltr'>coll.</span> <span class='ocrx_word' id='word_1_121' title='bbox 313 1104 404 1135; x_wconf 75' lang='lat' dir='ltr'>Suet.</span> <span class='ocrx_word' id='word_1_122' title='bbox 424 1104 491 1135; x_wconf 78' lang='lat' dir='ltr'>Cal.</span> <span class='ocrx_word' id='word_1_123' title='bbox 506 1105 546 1134; x_wconf 88' lang='lat'>8:</span> <span class='ocrx_word' id='word_1_124' title='bbox 573 1104 727 1134; x_wconf 84' lang='lat' dir='ltr'>Hiberna</span> <span class='ocrx_word' id='word_1_125' title='bbox 743 1106 910 1143; x_wconf 87' lang='lat' dir='ltr'>legionum</span> <span class='ocrx_word' id='word_1_126' title='bbox 927 1106 1058 1136; x_wconf 73' lang='lat' dir='ltr'>Ernesti</span> <span class='ocrx_word' id='word_1_127' title='bbox 1165 1117 1183 1136; x_wconf 86' lang='lat'><strong>2</strong></span> <span class='ocrx_word' id='word_1_128' title='bbox 1208 1107 1355 1144; x_wconf 79' lang='lat' dir='ltr'>Quintus</span> <span class='ocrx_word' id='word_1_129' title='bbox 1374 1110 1397 1137; x_wconf 88' lang='grc' dir='ltr'>Σ</span> <span class='ocrx_word' id='word_1_130' title='bbox 1416 1108 1563 1146; x_wconf 78' lang='lat' dir='ltr'>(praeter</span> 
     </span>
    </p>
   </div>
   <div class='ocr_carea' id='block_1_4' title="bbox 229 1146 1559 1233">
    <p class='ocr_par' dir='ltr' id='par_1_4' title="bbox 229 1146 1559 1233">
     <span class='ocr_line' id='line_1_16' title="bbox 229 1146 1559 1186; baseline 0.003 -10"><span class='ocrx_word' id='word_1_131' title='bbox 229 1146 308 1186; x_wconf 89' lang='lat' dir='ltr'>H):</span> <span class='ocrx_word' id='word_1_132' title='bbox 331 1158 396 1178; x_wconf 86' lang='lat' dir='ltr'>om.</span> <span class='ocrx_word' id='word_1_133' title='bbox 416 1146 497 1178; x_wconf 90' lang='lat' dir='ltr'>MH</span> <span class='ocrx_word' id='word_1_134' title='bbox 605 1157 643 1178; x_wconf 89' lang='lat'>10</span> <span class='ocrx_word' id='word_1_135' title='bbox 667 1149 813 1178; x_wconf 88' lang='lat' dir='ltr'>adventu</span> <span class='ocrx_word' id='word_1_136' title='bbox 830 1149 951 1178; x_wconf 77' lang='lat' dir='ltr'>Rosius</span> <span class='ocrx_word' id='word_1_137' title='bbox 1074 1159 1109 1179; x_wconf 85' lang='lat'>11</span> <span class='ocrx_word' id='word_1_138' title='bbox 1137 1150 1274 1179; x_wconf 85' lang='lat' dir='ltr'>accedet</span> <span class='ocrx_word' id='word_1_139' title='bbox 1293 1150 1378 1181; x_wconf 79' lang='lat' dir='ltr'>Crat.</span> <span class='ocrx_word' id='word_1_140' title='bbox 1397 1160 1403 1180; x_wconf 91' lang='lat'>:</span> <span class='ocrx_word' id='word_1_141' title='bbox 1427 1151 1559 1181; x_wconf 85' lang='lat' dir='ltr'>accedit</span> 
     </span>
     <span class='ocr_line' id='line_1_17' title="bbox 231 1189 1311 1233; baseline 0.003 -13"><span class='ocrx_word' id='word_1_142' title='bbox 231 1189 273 1220; x_wconf 89' lang='lat' dir='ltr'><em>M</em></span> <span class='ocrx_word' id='word_1_143' title='bbox 400 1195 437 1221; x_wconf 87' lang='lat' dir='ltr'>tu</span> <span class='ocrx_word' id='word_1_144' title='bbox 452 1191 603 1222; x_wconf 83' lang='lat' dir='ltr'>Faernus</span> <span class='ocrx_word' id='word_1_145' title='bbox 617 1202 625 1222; x_wconf 74' lang='lat' dir='ltr'><em>z</em></span> <span class='ocrx_word' id='word_1_146' title='bbox 649 1195 684 1222; x_wconf 87' lang='lat' dir='ltr'>ut</span> <span class='ocrx_word' id='word_1_147' title='bbox 701 1191 789 1222; x_wconf 81' lang='lat' dir='ltr'>codd.</span> <span class='ocrx_word' id='word_1_148' title='bbox 806 1203 814 1223; x_wconf 73' lang='grc' dir='ltr'>ε</span> <span class='ocrx_word' id='word_1_149' title='bbox 839 1193 888 1222; x_wconf 85' lang='lat' dir='ltr'>sae</span> <span class='ocrx_word' id='word_1_150' title='bbox 905 1197 940 1223; x_wconf 88' lang='lat' dir='ltr'>ut</span> <span class='ocrx_word' id='word_1_151' title='bbox 958 1192 1089 1233; x_wconf 70' lang='lat' dir='ltr'>Mffller,</span> <span class='ocrx_word' id='word_1_152' title='bbox 1109 1192 1166 1222; x_wconf 79' lang='lat' dir='ltr'>sed</span> <span class='ocrx_word' id='word_1_153' title='bbox 1179 1193 1214 1232; x_wconf 73' lang='lat' dir='ltr'>cf.</span> <span class='ocrx_word' id='word_1_154' title='bbox 1228 1198 1272 1233; x_wconf 84' lang='lat' dir='ltr'>ep.</span> <span class='ocrx_word' id='word_1_155' title='bbox 1291 1204 1311 1232; x_wconf 90' lang='lat'>4</span> 
     </span>
    </p>
   </div>
  </div>
 </body>
</html>
