1817 2832
652 74 764 112 EPP.
795 75 874 112 AD
902 74 1161 114 ATTICVM
1475 75 1594 113 VIII.
1617 75 1694 113 viii

245 191 508 235 compegerat,
535 184 616 223 ibat
650 184 689 223 in
724 185 940 232 Graeciam,
976 186 1106 224 omnis
1138 199 1211 223 nos
1244 187 1568 236 ἀπροσφωνήτους,

245 250 412 300 expertis
441 249 501 288 sui
527 250 638 298 tanti,
665 257 744 288 tam
776 250 948 289 inusitati
979 250 1118 289 consili
1151 251 1407 301 relinquebat.
1467 253 1571 290 Ecce
1592 262 1617 290 2

244 315 376 353 subito
397 315 546 354 litterae
563 315 714 353 Domiti
734 317 785 353 ad
806 316 927 359 illum,
943 315 1063 364 ipsius
1083 316 1133 353 ad
1154 317 1346 354 consules.
1401 316 1572 355 Fulsisse

243 380 340 418 mihi
360 380 567 418 videbatur
588 381 632 419 τὸ
656 381 770 419 καλὸν
787 381 839 419 ad
859 381 994 418 oculos
1015 379 1097 418 eius
1118 388 1155 418 et
1176 381 1413 420 exclamasse
1433 380 1497 420 ille
1517 380 1573 419 vir

207 462 223 493 5
245 445 312 496 qui
333 459 418 485 esse
438 445 586 493 debuit,

487 511 589 561 Πρὸς
616 510 718 549 ταῦθ’
747 511 767 549 ὅ
794 528 828 550 τι
856 511 930 562 χρὴ
950 510 1009 549 καὶ
1027 511 1287 560 παλαμάσθων

487 576 546 614 Καὶ
573 575 678 615 πάνΤ,
707 575 762 614 ἐπ’
790 576 872 626 ἐμοὶ
899 576 1175 614 ΤΕΚΤαῑνέσθων’

485 642 528 680 τὸ
547 643 619 694 ’γὰρ
639 642 677 681 εὖ
695 642 776 692 μετ’
796 644 894 691 ἐμοῦ.

245 707 298 743 At
318 704 381 744 ille
402 705 472 744 tibi
492 709 619 745 πολλὰ
641 708 782 758 χαίρειν
799 711 851 757 τῷ
875 710 977 757 καλῷ
1002 706 1137 745 dicenS
1158 706 1282 757 pergit
1304 705 1570 745 Brundisium.

192 786 228 808 10
246 771 468 809 Domitium
495 780 627 810 autem
657 772 767 810 aiunt
792 786 832 810 re
860 772 993 810 audita
1019 780 1057 810 et
1082 785 1149 810 eos
1177 772 1243 821 qui
1271 785 1348 809 una
1376 779 1505 809 essent
1532 785 1573 809 se

244 836 461 874 tradidisse.
512 838 548 876 O
565 851 645 875 rem
667 837 870 886 lugubrem
888 840 894 875 ἕ
926 839 1066 886 Itaque
1086 837 1325 874 intercludor
1341 837 1476 875 dolore
1493 849 1572 886 quo

243 901 371 939 minus
389 903 440 940 ad
463 909 500 941 te
520 904 630 953 plura
650 902 827 940 scribam.
887 904 993 939 Tuas
1015 902 1160 939 litteras
1181 909 1373 951 exspecto.

286 1011 354 1047 IX
527 1014 596 1046 Ser.
615 1015 649 1045 in
666 1015 845 1045 Formiano
861 1025 880 1045 v
895 1015 939 1045 K.
958 1015 1056 1046 Mart.
1077 1025 1105 1045 a.
1130 1025 1182 1053 7⁰5
1202 1014 1286 1055 (49).

653 1090 822 1121 CICERO
845 1089 1027 1120 ATTICO
1048 1089 1153 1120 SAL.

187 1181 222 1211 15
298 1166 518 1216 Epistulam
544 1180 673 1205 meam
699 1167 805 1216 quod
827 1167 1091 1215 pervulgatam
1117 1164 1251 1203 scribis
1277 1178 1361 1204 esse
1386 1179 1467 1203 non
1487 1167 1569 1206 fero
1589 1178 1608 1207 1

243 1233 418 1278 moleste,
453 1231 547 1281 quin
583 1231 699 1269 etiam
735 1230 818 1280 ipse
850 1230 981 1268 multis
1013 1230 1105 1268 dedi
1139 1230 1450 1269 describendam.
1511 1233 1570 1270 Ea

241 1296 347 1333 enim
387 1303 425 1334 et
458 1295 685 1334 acciderunt
724 1295 800 1333 iam
840 1303 877 1333 et
911 1295 1151 1344 impendent,
1185 1302 1226 1332 ut
1265 1302 1449 1332 testatum
1484 1309 1568 1334 esse

240 1360 358 1398 velim
380 1361 430 1398 de
450 1374 547 1410 pace
568 1359 663 1409 quid
685 1359 882 1397 senserim.
943 1361 1044 1398 Cum
1065 1367 1195 1397 autem
1217 1360 1268 1397 ad
1289 1373 1374 1396 eam
1397 1361 1568 1398 hortarer

242 1438 332 1462 eum
362 1424 587 1474 praesertim
618 1424 831 1470 hominem,
860 1437 940 1461 non
970 1424 1130 1461 videbar
1159 1425 1238 1461 ullo
1269 1425 1390 1462 modo
1419 1424 1569 1463 facilius

183 1504 223 1526 20
242 1498 418 1528 moturus
453 1503 571 1539 quam
611 1489 642 1527 si
681 1489 721 1527 id
755 1491 863 1538 quod
903 1503 993 1527 eum
1032 1490 1205 1527 hortarer
1244 1489 1452 1527 convenire
1487 1489 1569 1528 eius

240 1554 455 1603 sapientiae
484 1554 666 1592 dicerem.
725 1556 824 1591 Eam
846 1553 875 1591 si
901 1553 1213 1591 ‘admirabilem'
1234 1553 1313 1591 dixi
1330 1567 1450 1602 quom
1478 1567 1567 1592 eum

238 1620 290 1657 ad
324 1620 488 1656 salutem
520 1618 667 1668 patriae
703 1619 896 1664 hortabar,
928 1632 1009 1656 non
1040 1631 1127 1655 sum
1159 1617 1301 1656 veritus
1335 1632 1384 1656 ne
1419 1618 1568 1657 viderer

239 1683 435 1722 adsentari
464 1683 557 1733 quoi
584 1683 650 1721 tali
677 1683 717 1720 in
747 1696 786 1721 re
814 1682 979 1721 libenter
1006 1696 1069 1721 me
1095 1684 1145 1721 ad
1174 1684 1295 1732 pedes
1322 1682 1563 1721 abiecissem.

241 1749 331 1796 Qua
349 1756 481 1786 autern
502 1755 560 1786 est
584 1747 755 1797 ‘aliquid
776 1747 973 1797 impertias
990 1747 1200 1797 temporiS‚⁷
1221 1761 1301 1785 non
1322 1756 1380 1785 est
1400 1748 1450 1785 de
1471 1761 1567 1797 pace

183 1827 219 1859 25
241 1814 310 1851 sed
337 1814 386 1851 de
414 1827 477 1851 me
504 1812 589 1862 ipso
616 1820 654 1850 et
674 1814 724 1850 de
751 1826 841 1850 meo
867 1813 996 1850 officio
1017 1820 1059 1850 ut
1079 1812 1227 1861 aliquid
1248 1812 1402 1861 cogitet.
1463 1814 1566 1850 Nam

239 1880 347 1928 quod
364 1878 549 1916 testificor
570 1892 632 1916 me
652 1885 849 1927 expertem
866 1878 958 1915 belli
975 1877 1106 1924 fuisse,
1120 1877 1191 1915 etsi
1207 1877 1247 1915 id
1263 1892 1303 1916 re
1319 1886 1566 1927 perspectum

239 1951 307 1990 est,
324 1951 455 1980 tamen
476 1956 523 1980 eo
544 1942 677 1992 scripsi
695 1955 774 1991 quo
795 1942 833 1979 in
856 1943 1062 1980 suadendo
1083 1943 1169 1991 plus
1190 1942 1430 1980 auctoritatis
1451 1943 1568 1981 habe-

238 2021 344 2054 remg
374 2009 595 2056 eodemque
616 2006 782 2056 pertinet
803 2008 911 2055 quod
933 2020 1091 2043 causam
1113 2006 1196 2044 eius
1216 2007 1352 2056 probo.

293 2073 370 2110 Sed
398 2071 493 2121 quid
523 2072 620 2109 haec
647 2072 782 2108 nunc?
828 2070 989 2107 Vtinam
1016 2070 1164 2119 aliquid
1194 2072 1412 2119 profectum
1440 2078 1541 2109 esset
1559 2074 1565 2109 l
1586 2079 1610 2106 2

181 2150 219 2180 30
239 2138 301 2174 Ne
323 2150 394 2185 ego
416 2136 505 2173 istas
526 2135 670 2173 litteras
691 2135 730 2172 in
751 2134 936 2172 contione
957 2134 1106 2172 recitari
1122 2135 1249 2179 velim,
1268 2135 1297 2172 si
1319 2135 1478 2184 quidem
1500 2135 1563 2174 ille

284 2251 300 2279 7
326 2241 385 2270 πᾶν
409 2240 526 2270 codiccs
549 2239 784 2279 Am'sloplmm's
810 2238 892 2269 Aclt.
919 2240 983 2268 660
1141 2248 1178 2267 12
1204 2239 1313 2268 minus
1338 2238 1413 2269 add.
1440 2239 1563 2269 Bassus

239 2294 275 2314 21
304 2294 399 2322 quom
417 2294 491 2313 cum
517 2284 627 2321 vulga:
653 2293 750 2320 quem
775 2281 853 2312 M1:
878 2292 943 2320 quo
961 2291 1033 2311 cum
1058 2281 1135 2310 M22
1168 2283 1325 2319 quoniam
1354 2292 1428 2312 eum
1454 2282 1567 2312 Baz'ler

238 2338 278 2364 24
297 2327 370 2365 Qua
383 2327 447 2367 (Le.
461 2338 526 2366 qua
539 2326 689 2366 epistulae
697 2326 802 2366 parte)
818 2325 877 2356 M:
902 2325 999 2363 Quod
1019 2323 1206 2365 chsenbmg
1271 2335 1314 2363 30
1327 2325 1377 2355 Ne
1389 2325 1429 2355 I:
1454 2335 1516 2356 nee
1529 2325 1568 2355 M
