1817 2832
143 144 211 181 IV.
230 143 307 180 xiii
610 145 665 182 M.
699 145 867 182 TVLLI
898 144 1205 184 CICERONIS

237 263 428 305 quantum
460 263 562 305 pote.
622 256 749 294 Valde
780 268 867 293 sum
897 256 1085 302 ὀξύπεινος
1113 263 1162 303 et,
1186 256 1218 295 si
1247 256 1411 307 quaeris,
1436 257 1573 297 omnia

197 320 333 360 2mihi
373 328 463 358 sunt
501 328 692 370 suspecta.
767 321 953 359 Crassum
992 320 1154 370 quidem
1197 330 1376 360 nostrum
1419 322 1571 362 minore

238 385 428 435 dignitate
447 385 557 423 aiunt
584 386 803 435 profectum
830 386 1062 435 paludatum
1092 399 1211 436 quam
1239 387 1333 425 olim
1360 390 1571 437 aequalem

239 449 321 488 eius
353 451 395 487 L.
427 451 602 497 Paulum,
636 449 729 488 item
762 450 901 488 iterum
932 452 1147 489 consulem.
1208 452 1244 490 O
1274 452 1477 491 hominem
1507 467 1572 491 ne-

239 528 357 564 quam
376 517 382 552 l
442 516 503 553 De
523 514 630 553 libris
651 514 826 553 oratoriis
848 516 994 553 factum
1016 522 1074 553 est
1094 529 1117 553 a
1137 528 1200 553 me
1221 515 1435 565 diligenter.
1488 517 1567 555 Diu
1593 530 1608 559 5

239 582 487 629 multumque
525 580 565 617 in
604 580 785 618 manibus
825 582 990 619 fuerunt.
1053 580 1263 619 Describas
1303 581 1403 619 licet.
1465 583 1569 621 Illud

238 645 355 684 etiam
377 651 489 694 alque
507 646 621 683 ellam
642 653 679 684 te
700 659 804 696 rogo,
828 647 894 696 τὴν
920 649 1113 696 παροῦσαν
1139 647 1371 686 κατάστασιν
1389 647 1568 695 τυπωδῶς,

239 724 288 749 ne
309 710 408 749 istuc
430 711 573 761 hospes
594 711 760 749 veniam.

283 811 393 846 XIV
461 814 528 846 Scr.
548 815 581 845 in
601 815 755 846 Cumano
772 826 817 847 m.
840 816 922 847 Mai.
939 820 1016 857 post
1030 816 1065 847 vi
1078 816 1128 848 Id.
1151 827 1181 848 a.
1205 827 1264 856 700
1283 816 1373 857 (54).

654 886 829 918 CICERO
856 887 1030 918 ATTICO
1057 887 1155 919 SAL.
1594 898 1632 921 10

205 971 222 998 1
294 957 498 997 Vestorius
518 966 650 997 noster
674 972 737 997 me
761 972 831 1009 per
857 959 1002 998 litteras
1029 959 1121 998 fecit
1147 959 1352 999 certiorem
1381 967 1419 999 te
1441 961 1572 999 Roma

239 1037 271 1062 a.
296 1025 334 1062 d.
356 1036 396 1062 VI
433 1025 529 1062 Idus
565 1024 692 1062 Maias
731 1024 857 1075 putari
894 1026 1113 1075 profectum
1148 1039 1234 1064 esse
1268 1025 1416 1064 tardius
1452 1039 1571 1075 quam

240 1088 391 1127 dixeras
416 1090 525 1138 quod
555 1089 684 1127 minus
712 1089 909 1128 valuisses.
971 1090 1011 1128 Si
1039 1090 1117 1128 iam
1148 1090 1287 1129 melius
1318 1092 1433 1136 vales,
1459 1092 1573 1129 vehe-

241 1161 392 1191 menter
420 1155 584 1203 gaudeo.
644 1154 774 1192 Velim
805 1156 970 1193 domum
1000 1156 1051 1193 ad
1082 1162 1119 1193 te
1149 1155 1295 1193 scribas
1325 1163 1367 1193 ut
1392 1155 1488 1193 mihi
1516 1155 1571 1193 tui

240 1218 327 1256 libri
355 1226 513 1268 pateant
543 1232 623 1257 non
654 1232 766 1257 secus
792 1232 838 1257 ac
868 1219 898 1257 si
927 1219 1010 1269 ipse
1036 1220 1194 1257 adesses
1223 1233 1314 1257 cum
1342 1219 1460 1258 ceteri
1487 1227 1571 1258 tum
1594 1232 1631 1264 15

239 1283 437 1321 Varronis.
499 1285 570 1322 Est
590 1284 695 1322 enim
718 1283 813 1321 mihi
835 1286 1027 1322 utendum
1049 1284 1288 1334 quibusdam
1309 1285 1425 1323 rebus
1446 1299 1492 1323 ex
1511 1285 1572 1323 his

241 1348 348 1386 libris
378 1349 428 1386 ad
459 1362 525 1387 eos
556 1362 656 1399 quos
685 1348 725 1386 in
756 1349 938 1387 manibus
966 1349 1120 1397 habe03
1150 1363 1260 1399 quos,
1284 1357 1326 1387 ut
1354 1363 1478 1400 spero,
1501 1349 1573 1388 tibi

199 1427 224 1454 2
242 1415 356 1451 valde
378 1414 566 1463 probabo.
625 1416 688 1452 Tu
709 1414 825 1452 velim
850 1414 881 1452 si
903 1414 998 1463 quid
1020 1416 1118 1452 forte
1138 1414 1231 1452 novi
1252 1415 1384 1461 habes,
1405 1414 1573 1453 maxime

241 1492 264 1516 a
295 1478 446 1527 Quinto
475 1480 599 1525 fratre,
632 1478 778 1517 deinde
808 1492 831 1517 a
861 1480 904 1518 C.
930 1480 1108 1526 Caesare,
1141 1487 1179 1518 et
1209 1479 1240 1518 si
1271 1479 1367 1530 quid
1394 1481 1493 1541 forte
1522 1481 1573 1519 de

240 1543 419 1590 comitiis,
444 1545 494 1583 de
521 1558 560 1582 re
587 1544 746 1594 publica
767 1544 885 1594 (soles
907 1544 1012 1583 enim
1038 1552 1079 1582 tu
1100 1546 1198 1583 haec
1222 1544 1358 1583 festive
1385 1545 1573 1595 odorari),
1594 1555 1634 1578 20

241 1609 386 1647 scribas
425 1611 475 1647 ad
516 1623 602 1656 meg
645 1608 676 1647 si
710 1609 807 1646 nihil
843 1609 1018 1656 habebis,
1054 1617 1186 1647 tamen
1225 1609 1371 1647 scribas
1410 1609 1570 1659 aliquid.

243 1675 473 1724 Numquam
505 1674 610 1712 enim
643 1674 738 1712 mihi
778 1682 844 1712 tua
883 1675 1050 1724 epistula
1087 1682 1154 1712 aut
1193 1674 1468 1724 intempestiva
1505 1682 1573 1713 aut

242 1741 385 1789 loquax
414 1739 496 1778 visa
524 1747 592 1778 est.
653 1739 828 1778 Maxime
858 1748 990 1778 autem
1021 1753 1116 1789 rogo
1150 1740 1265 1778 rebus
1298 1739 1374 1778 tuis
1408 1747 1573 1790 totoque

241 1805 378 1843 itinere
409 1819 456 1843 ex
494 1804 688 1843 sententia
726 1807 909 1844 confecto
948 1819 1020 1843 nos
1055 1818 1174 1855 quam
1213 1804 1383 1855 primum
1415 1805 1568 1844 revisas.

243 1869 479 1919 Dionysium
500 1869 592 1908 iube
614 1871 770 1908 salvere.
833 1871 938 1909 Cura
958 1877 1000 1907 ut
1020 1871 1158 1907 valeas.
1592 1880 1630 1912 25

285 1971 370 2005 XV
568 1973 637 2005 Ser.
657 1974 786 2004 Romae
802 1973 835 2004 vi
849 1973 891 2004 K.
911 1972 999 2005 Sext.
1020 1983 1048 2004 a.
1072 1982 1130 2012 700
1147 1971 1243 2013 (54).

657 2046 833 2077 CICERO
860 2045 1031 2075 ATTlCO
1058 2044 1156 2075 SAL.

206 2130 224 2158 1
298 2119 359 2156 De
390 2117 614 2167 Eutychide
643 2125 795 2168 gratum
824 2116 891 2167 qui
918 2124 1047 2154 vetere
1077 2115 1343 2166 praenomine,
1374 2129 1478 2154 novo
1506 2130 1573 2155 no-

242 2183 348 2223 mine
386 2186 432 2222 T.
465 2184 535 2223 erit
575 2183 780 2230 Caecilius,
817 2189 860 2220 ut
898 2189 956 2220 est
993 2196 1040 2220 ex
1077 2194 1140 2219 me
1179 2188 1217 2219 et
1255 2194 1302 2219 ex
1339 2187 1378 2219 te
1416 2180 1572 2219 iunctus

291 2300 300 2319 1
330 2293 427 2328 potes
440 2289 539 2320 Rom.
560 2286 750 2326 lVesenberg
839 2295 855 2323 7
881 2288 980 2322 atquc
994 2284 1092 2314 ctiam
1104 2284 1173 2314 add
1195 2284 1318 2314 Scln't'tz
1398 2295 1435 2314 12
1460 2284 1570 2323 putari

242 2332 420 2362 Ascensim·
437 2344 443 2362 ς
470 2337 586 2371 putare
604 2331 661 2362 M:
696 2329 793 2361 delere
809 2329 878 2358 vult
893 2327 1035 2358 Sclzz'its:
1062 2328 1093 2358 in
1112 2328 1268 2367 Apuliam
1294 2329 1372 2358 coni.
1394 2328 1568 2368 Pluygers:

244 2375 442 2405 Butluotum
465 2375 543 2405 coni.
562 2374 647 2405 Boot
782 2382 819 2411 13
843 2372 977 2402 dixerar..
1002 2372 1177 2402 ffae'rnus:
1202 2372 1333 2402 dixerat
1359 2371 1399 2401 M
1535 2372 1571 2400 18

241 2419 291 2449 Tu
310 2419 390 2449 Ant.
411 2430 417 2449 ε
442 2423 477 2448 ut
491 2416 532 2447 M
