1790 2837
622 99 736 138 EPP.
767 100 846 137 AD
875 99 1137 139 ATTICVM
1516 97 1547 137 I.
1569 107 1601 136 v

231 223 350 260 quarn
388 208 494 249 enirn
532 223 556 248 a
589 209 810 260 Pomponia
844 217 977 249 nostra
1015 209 1154 248 certior
1186 223 1274 249 sum
1312 210 1437 249 factus
1470 223 1556 248 esse

230 274 293 313 cui
322 276 415 313 dare
446 274 591 313 litteras
622 288 790 325 possem,
822 288 938 324 porro
966 282 1099 312 autem
1129 288 1259 324 neque
1287 274 1384 312 mihi
1411 274 1556 313 accidit

229 347 272 377 ut
309 341 495 378 haberem
530 340 597 389 qui
635 339 675 377 in
710 340 874 389 Epirum
912 339 1222 389 proficisceretur
1255 341 1482 389 nequedum
1516 347 1555 379 te

228 404 396 443 Athenis
427 419 512 443 esse
542 405 814 444 audiebamus.
876 407 938 443 De
967 404 1194 443 Acutiliano
1225 412 1357 442 autem
1395 405 1554 454 negotio
1573 412 1600 450 4

190 480 207 512 5
228 471 337 520 quod
367 469 463 508 mihi
493 471 709 517 mandaras,
744 478 787 508 ut
820 469 992 520 primum
1021 483 1045 508 a
1078 477 1147 508 tuo
1179 469 1353 519 digressu
1382 471 1554 508 Romam

227 535 326 581 veni,
357 536 629 582 confeceram;
658 536 728 574 sed
753 535 898 573 accidit
918 542 961 572 ut
981 541 1020 573 et
1044 534 1299 573 contentione
1327 534 1424 572 nihil
1453 548 1554 584 opus

227 608 329 638 esset
349 608 387 638 et
407 608 449 638 ut
470 614 553 650 ego,
577 600 644 650 qui
664 600 704 638 in
725 608 763 638 te
783 600 875 638 satis
896 599 1035 638 consili
1056 599 1255 653 statuerim
1276 613 1372 646 esse,
1395 601 1552 637 mallem

227 666 480 703 Peducaeum
519 665 590 703 tibi
633 664 842 703 consilium
886 678 956 715 per
998 664 1143 703 litteras
1189 677 1307 714 quam
1346 677 1409 702 me
1447 666 1550 703 dare.

228 729 386 767 Etenim
419 743 509 767 cum
548 731 692 768 multos
730 730 815 769 dies
845 729 949 768 auris
983 743 1090 767 meas
1129 729 1302 767 Acutilio
1340 729 1549 776 dedissem,

169 808 208 832 10
227 794 337 833 cuius
371 794 561 833 sermonis
590 808 713 844 genus
748 794 818 833 tibi
849 802 988 832 notum
1023 807 1109 833 esse
1139 793 1313 840 arbitror,
1344 807 1425 832 non
1441 793 1553 832 mihi

224 872 340 909 grave
369 859 462 897 duxi
496 859 664 898 scribere
694 860 746 898 ad
777 867 815 898 te
849 861 900 898 de
930 858 1033 897 illius
1064 858 1330 909 querimoniis,
1366 872 1456 897 cum
1486 872 1552 898 eas

224 923 370 970 audire,
394 925 503 974 quod
530 932 610 962 erat
639 924 910 971 subodiosum,
934 925 1018 963 leve
1048 932 1257 973 putassem.
1318 925 1396 962 Sed
1415 925 1485 962 abs
1513 932 1551 963 te

224 988 310 1038 ipso
337 988 404 1038 qui
425 1003 488 1027 me
507 1002 669 1027 accusas
696 1003 794 1027 unas
824 988 920 1026 mihi
949 988 1048 1027 scito
1078 988 1222 1026 litteras
1251 988 1422 1027 redditas
1452 1003 1547 1034 esse,

223 1066 315 1091 cum
336 1061 374 1092 et
390 1053 445 1092 oti
464 1054 516 1092 ad
536 1053 790 1093 scribendum
810 1055 898 1104 plus
919 1061 957 1092 et
977 1055 1202 1093 facultatem
1219 1053 1341 1092 dandi
1362 1053 1550 1093 maiorem

168 1132 204 1163 15
225 1118 419 1157 habueris.

278 1184 400 1231 Quod
420 1183 568 1231 scribis,
591 1183 710 1222 etiam
731 1183 762 1222 si
783 1183 894 1222 cuius
920 1183 1075 1222 animus
1102 1182 1142 1221 in
1169 1191 1207 1222 te
1232 1191 1333 1222 esset
1353 1181 1548 1230 offensior,
1569 1188 1596 1228 5

223 1261 246 1286 a
275 1261 338 1286 me
367 1248 540 1298 recolligi
561 1256 751 1298 oportere,
775 1254 876 1286 teneo
896 1248 992 1298 quid
1019 1248 1128 1287 dicas
1157 1261 1288 1297 neque
1316 1247 1357 1286 id
1384 1246 1547 1297 neglexi,

223 1313 293 1351 sed
325 1320 384 1351 est
417 1313 516 1351 miro
550 1314 725 1363 quodam
764 1314 886 1352 modo
919 1314 1108 1352 adfectus.
1169 1315 1254 1363 Ego
1287 1320 1419 1351 autem
1449 1326 1551 1363 quae

223 1377 394 1416 dicenda
413 1379 569 1416 fuerunt
590 1379 640 1416 de
660 1386 698 1416 te
715 1392 795 1416 non
811 1377 1015 1428 praeterii,
1045 1377 1141 1427 quid
1161 1385 1293 1415 autem
1309 1379 1550 1416 contenden-

164 1458 204 1479 20
223 1444 319 1481 dum
340 1450 443 1481 esset
469 1458 516 1482 ex
545 1451 611 1481 tua
640 1444 828 1494 putabam
848 1444 1049 1481 voluntate
1076 1456 1139 1481 rne
1168 1450 1336 1481 statuere
1357 1450 1547 1491 oportere.

224 1509 355 1557 Quam
376 1508 407 1546 si
427 1509 478 1547 ad
499 1522 562 1547 me
582 1508 861 1558 perscripseris‚
880 1507 1082 1557 intelleges
1104 1521 1167 1546 me
1187 1521 1316 1557 neque
1332 1507 1550 1557 diligentio-

222 1587 303 1612 rem
332 1587 417 1612 esse
437 1573 607 1612 voluisse
627 1587 746 1623 quam
767 1580 809 1612 tu
830 1586 934 1612 esses
959 1586 1089 1623 neque
1115 1571 1445 1622 neglegentiorem
1466 1574 1549 1611 fore

222 1652 340 1689 quam
361 1646 403 1677 tu
423 1639 529 1677 velis.

277 1706 339 1743 De
359 1704 538 1743 Tadiana
553 1718 594 1743 re
615 1718 772 1743 mecum
788 1703 938 1742 Tadius
954 1705 1109 1742 locutus
1130 1710 1188 1741 est
1208 1710 1246 1741 te
1262 1702 1316 1741 ita
1335 1702 1544 1753 scripsisse,
1567 1710 1594 1748 6

164 1780 201 1813 25
222 1768 319 1807 nihil
357 1783 442 1807 esse
475 1769 553 1808 iam
591 1771 701 1819 quod
734 1770 984 1815 laboraretur,
1018 1767 1206 1818 quoniam
1245 1767 1439 1806 hereditas
1474 1781 1546 1806 usu

222 1842 336 1884 capta
355 1841 468 1873 esset.
528 1835 578 1873 Id
599 1834 836 1872 mirabamur
862 1841 900 1872 te
925 1833 1111 1882 ignorare,
1135 1834 1185 1871 de
1214 1833 1336 1870 tutela
1361 1832 1543 1881 legitima,

221 1898 261 1937 in
282 1912 360 1949 qua
379 1898 521 1938 dicitur
541 1912 626 1937 esse
646 1900 786 1950 puella,
805 1898 901 1936 nihil
918 1911 990 1936 usu
1011 1897 1098 1947 capi
1118 1910 1244 1948 posse.
1306 1897 1543 1947 Epiroticam
1565 1906 1588 1944 7

221 1963 463 2014 emptionem
483 1965 638 2014 gaudeo
654 1963 725 2002 tibi
745 1965 909 2013 placere.
970 1964 1084 2011 Quae
1100 1962 1171 2000 tibi
1187 1961 1371 2000 mandavi
1391 1969 1428 1999 et
1445 1975 1545 2010 quae

220 2035 262 2066 tu
291 2028 493 2079 intelleges
523 2028 733 2067 convenire
757 2036 892 2067 nostro
922 2029 1151 2066 Tusculano
1171 2026 1300 2073 velim,
1323 2033 1365 2064 ut
1394 2025 1542 2073 scribis,

163 2108 202 2138 30
221 2106 342 2140 cures,
365 2095 473 2143 quod
501 2093 584 2133 sine
609 2093 788 2132 molestia
817 2100 884 2131 tua
903 2094 1030 2132 facere
1051 2091 1207 2143 poteris.
1267 2092 1372 2129 Nam
1398 2104 1471 2129 nos
1497 2104 1545 2129 ex

262 2207 283 2237 4
306 2197 520 2228 audieramus
536 2197 718 2237 Sternkopf
851 2198 872 2227 6
897 2196 994 2236 nihil]
1014 2207 1080 2226 non
1100 2195 1180 2226 nihil
1198 2194 1358 2234 Plujgers
1506 2205 1541 2224 11

219 2241 388 2271 duxissem
409 2241 574 2271 Corradus
628 2240 814 2271 rescribere
828 2240 980 2271 §codices
990 2239 1199 2279 Alalaspinae
1288 2248 1323 2277 17
1349 2243 1448 2268 teneo
1466 2237 1540 2269 add.

221 2284 339 2314 Orelli:
362 2285 431 2314 scio
452 2284 515 2322 ivel
528 2284 631 2314 simile
646 2283 739 2325 quid)
758 2283 833 2315 add.
855 2283 975 2315 Lamb.
1075 2293 1118 2314 20
1140 2282 1313 2314 voluntate
1330 2292 1383 2312 me
1400 2280 1517 2312 Lamb.
1534 2293 1541 2312 ε

218 2328 421 2358 voluntatem
437 2327 488 2358 Z:
512 2332 594 2358 -tate
611 2327 653 2357 M
