<?xml version="1.0" encoding="UTF-8"?>
<!DOCTYPE html PUBLIC "-//W3C//DTD XHTML 1.0 Transitional//EN"
    "http://www.w3.org/TR/xhtml1/DTD/xhtml1-transitional.dtd">
<html xmlns="http://www.w3.org/1999/xhtml" xml:lang="en" lang="en">
 <head>
  <title>
</title>
<meta http-equiv="Content-Type" content="text/html;charset=utf-8" />
  <meta name='ocr-system' content='tesseract 3.04.00' />
  <meta name='ocr-capabilities' content='ocr_page ocr_carea ocr_par ocr_line ocrx_word'/>
</head>
<body>
  <div class='ocr_page' id='page_1' title='image "./epistulaerecogno0201ciceuoft_0035.png"; bbox 0 0 1790 2837; ppageno 0'>
   <div class='ocr_carea' id='block_1_1' title="bbox 621 111 1627 150">
    <p class='ocr_par' dir='ltr' id='par_1_1' title="bbox 621 111 1627 150">
     <span class='ocr_line' id='line_1_1' title="bbox 621 111 1627 150; baseline 0 0"><span class='ocrx_word' id='word_1_1' title='bbox 621 112 732 150; x_wconf 92' lang='lat' dir='ltr'>EPP.</span> <span class='ocrx_word' id='word_1_2' title='bbox 765 112 843 149; x_wconf 93' lang='lat' dir='ltr'>AD</span> <span class='ocrx_word' id='word_1_3' title='bbox 872 111 1131 150; x_wconf 84' lang='lat' dir='ltr'><strong>ATTICVM</strong></span> <span class='ocrx_word' id='word_1_4' title='bbox 1161 113 1164 149; x_wconf 80' lang='grc' dir='ltr'><strong><em>Ῑ</em></strong></span> <span class='ocrx_word' id='word_1_5' title='bbox 1515 113 1544 150; x_wconf 91' lang='grc' dir='ltr'>Ι.</span> <span class='ocrx_word' id='word_1_6' title='bbox 1567 113 1627 150; x_wconf 77' lang='lat' dir='ltr'>xii</span> 
     </span>
    </p>
   </div>
   <div class='ocr_carea' id='block_1_2' title="bbox 243 219 1159 331">
    <p class='ocr_par' dir='ltr' id='par_1_2' title="bbox 243 219 1159 331">
     <span class='ocr_line' id='line_1_2' title="bbox 243 219 1159 263; baseline -0.002 -8"><span class='ocrx_word' id='word_1_7' title='bbox 243 219 334 255; x_wconf 86' lang='lat' dir='ltr'>XII</span> <span class='ocrx_word' id='word_1_8' title='bbox 495 229 499 231; x_wconf 85' lang='grc'><strong>’</strong></span> <span class='ocrx_word' id='word_1_9' title='bbox 566 222 631 255; x_wconf 82' lang='lat' dir='ltr'>Scr.</span> <span class='ocrx_word' id='word_1_10' title='bbox 653 222 782 254; x_wconf 81' lang='lat' dir='ltr'>Romae</span> <span class='ocrx_word' id='word_1_11' title='bbox 797 223 839 254; x_wconf 87' lang='lat' dir='ltr'>K.</span> <span class='ocrx_word' id='word_1_12' title='bbox 858 222 932 254; x_wconf 84' lang='lat' dir='ltr'>Ian.</span> <span class='ocrx_word' id='word_1_13' title='bbox 952 233 982 254; x_wconf 84' lang='grc' dir='ltr'>α.</span> <span class='ocrx_word' id='word_1_14' title='bbox 1002 222 1061 263; x_wconf 68' lang='grc'>693</span> <span class='ocrx_word' id='word_1_15' title='bbox 1080 223 1159 263; x_wconf 79' lang='lat'><em>(61).</em></span> 
     </span>
     <span class='ocr_line' id='line_1_3' title="bbox 616 299 1108 331; baseline -0.002 0"><span class='ocrx_word' id='word_1_16' title='bbox 616 300 790 331; x_wconf 76' lang='lat' dir='ltr'>CICERO</span> <span class='ocrx_word' id='word_1_17' title='bbox 815 299 986 331; x_wconf 87' lang='lat' dir='ltr'>ATTICO</span> <span class='ocrx_word' id='word_1_18' title='bbox 1013 299 1108 331; x_wconf 76' lang='lat' dir='ltr'><strong>SAL.</strong></span> 
     </span>
    </p>
   </div>
   <div class='ocr_carea' id='block_1_3' title="bbox 198 376 1563 493">
    <p class='ocr_par' dir='ltr' id='par_1_3' title="bbox 198 376 1563 493">
     <span class='ocr_line' id='line_1_4' title="bbox 251 376 1563 429; baseline 0.004 -14"><span class='ocrx_word' id='word_1_19' title='bbox 251 376 415 429; x_wconf 75' lang='lat' dir='ltr'>Teucris</span> <span class='ocrx_word' id='word_1_20' title='bbox 444 377 510 417; x_wconf 86' lang='lat' dir='ltr'>illa</span> <span class='ocrx_word' id='word_1_21' title='bbox 538 378 689 416; x_wconf 89' lang='lat' dir='ltr'>lentum</span> <span class='ocrx_word' id='word_1_22' title='bbox 719 391 813 416; x_wconf 89' lang='lat' dir='ltr'>sane</span> <span class='ocrx_word' id='word_1_23' title='bbox 843 377 1055 427; x_wconf 76' lang='lat' dir='ltr'>negotium,</span> <span class='ocrx_word' id='word_1_24' title='bbox 1079 391 1208 428; x_wconf 89' lang='lat' dir='ltr'>neque</span> <span class='ocrx_word' id='word_1_25' title='bbox 1239 379 1447 418; x_wconf 87' lang='lat' dir='ltr'>Cornelius</span> <span class='ocrx_word' id='word_1_26' title='bbox 1475 380 1527 418; x_wconf 89' lang='lat' dir='ltr'>ad</span> <span class='ocrx_word' id='word_1_27' title='bbox 1546 393 1563 420; x_wconf 94' lang='lat'>1</span> 
     </span>
     <span class='ocr_line' id='line_1_5' title="bbox 198 442 1524 493; baseline 0 -12"><span class='ocrx_word' id='word_1_28' title='bbox 198 443 424 481; x_wconf 80' lang='lat' dir='ltr'>Terentiam</span> <span class='ocrx_word' id='word_1_29' title='bbox 458 451 596 493; x_wconf 84' lang='lat' dir='ltr'>postea</span> <span class='ocrx_word' id='word_1_30' title='bbox 629 443 752 481; x_wconf 84' lang='lat' dir='ltr'>rediit.</span> <span class='ocrx_word' id='word_1_31' title='bbox 813 442 966 492; x_wconf 89' lang='lat' dir='ltr'>Opinor</span> <span class='ocrx_word' id='word_1_32' title='bbox 998 444 1049 480; x_wconf 88' lang='lat' dir='ltr'>ad</span> <span class='ocrx_word' id='word_1_33' title='bbox 1085 443 1331 490; x_wconf 84' lang='lat' dir='ltr'>Considium,</span> <span class='ocrx_word' id='word_1_34' title='bbox 1369 444 1524 490; x_wconf 81' lang='lat' dir='ltr'>Axium,</span> 
     </span>
    </p>
   </div>
   <div class='ocr_carea' id='block_1_4' title="bbox 127 507 1564 2184">
    <p class='ocr_par' dir='ltr' id='par_1_4' title="bbox 127 507 1564 2184">
     <span class='ocr_line' id='line_1_6' title="bbox 159 507 1526 558; baseline 0.001 -13"><span class='ocrx_word' id='word_1_35' title='bbox 159 507 384 549; x_wconf 86' lang='lat' dir='ltr'>5Selicium</span> <span class='ocrx_word' id='word_1_36' title='bbox 432 507 741 556; x_wconf 80' lang='lat' dir='ltr'>confugiendum</span> <span class='ocrx_word' id='word_1_37' title='bbox 780 514 863 555; x_wconf 78' lang='lat' dir='ltr'>est3</span> <span class='ocrx_word' id='word_1_38' title='bbox 911 521 1002 544; x_wconf 87' lang='lat' dir='ltr'>nam</span> <span class='ocrx_word' id='word_1_39' title='bbox 1040 521 1062 545; x_wconf 89' lang='lat' dir='ltr'>a</span> <span class='ocrx_word' id='word_1_40' title='bbox 1101 508 1276 547; x_wconf 87' lang='lat' dir='ltr'>Caecilio</span> <span class='ocrx_word' id='word_1_41' title='bbox 1315 508 1526 558; x_wconf 87' lang='lat' dir='ltr'>propinqui</span> 
     </span>
     <span class='ocr_line' id='line_1_7' title="bbox 198 572 1525 622; baseline 0.002 -12"><span class='ocrx_word' id='word_1_42' title='bbox 198 572 349 610; x_wconf 92' lang='lat' dir='ltr'>minore</span> <span class='ocrx_word' id='word_1_43' title='bbox 370 572 592 610; x_wconf 75' lang='lat' dir='ltr'>centesimis</span> <span class='ocrx_word' id='word_1_44' title='bbox 613 586 821 609; x_wconf 88' lang='lat' dir='ltr'>nummum</span> <span class='ocrx_word' id='word_1_45' title='bbox 848 585 1005 610; x_wconf 78' lang='lat' dir='ltr'>movere</span> <span class='ocrx_word' id='word_1_46' title='bbox 1032 586 1111 610; x_wconf 88' lang='lat' dir='ltr'>non</span> <span class='ocrx_word' id='word_1_47' title='bbox 1140 580 1315 622; x_wconf 82' lang='lat' dir='ltr'>possunt.</span> <span class='ocrx_word' id='word_1_48' title='bbox 1376 575 1453 611; x_wconf 85' lang='lat' dir='ltr'>Sed</span> <span class='ocrx_word' id='word_1_49' title='bbox 1482 581 1525 612; x_wconf 94' lang='lat' dir='ltr'>ut</span> 
     </span>
     <span class='ocr_line' id='line_1_8' title="bbox 197 636 1524 687; baseline 0.001 -12"><span class='ocrx_word' id='word_1_50' title='bbox 197 638 248 675; x_wconf 90' lang='lat' dir='ltr'>ad</span> <span class='ocrx_word' id='word_1_51' title='bbox 274 637 399 687; x_wconf 87' lang='lat' dir='ltr'>prima</span> <span class='ocrx_word' id='word_1_52' title='bbox 427 637 492 675; x_wconf 87' lang='lat' dir='ltr'>illa</span> <span class='ocrx_word' id='word_1_53' title='bbox 517 638 687 684; x_wconf 82' lang='lat' dir='ltr'>redeam,</span> <span class='ocrx_word' id='word_1_54' title='bbox 719 637 816 674; x_wconf 76' lang='lat' dir='ltr'>nihil</span> <span class='ocrx_word' id='word_1_55' title='bbox 845 650 918 686; x_wconf 80' lang='lat' dir='ltr'>ego</span> <span class='ocrx_word' id='word_1_56' title='bbox 948 637 1012 675; x_wconf 85' lang='lat' dir='ltr'>illa</span> <span class='ocrx_word' id='word_1_57' title='bbox 1041 636 1320 687; x_wconf 88' lang='lat' dir='ltr'>impudentius,</span> <span class='ocrx_word' id='word_1_58' title='bbox 1347 638 1524 686; x_wconf 73' lang='lat' dir='ltr'>astutiuS,</span> 
     </span>
     <span class='ocr_line' id='line_1_9' title="bbox 196 701 1523 752; baseline 0 -12"><span class='ocrx_word' id='word_1_59' title='bbox 196 702 339 740; x_wconf 88' lang='lat' dir='ltr'>lentius</span> <span class='ocrx_word' id='word_1_60' title='bbox 360 701 450 740; x_wconf 85' lang='lat' dir='ltr'>vidi.</span> <span class='ocrx_word' id='word_1_61' title='bbox 509 702 735 740; x_wconf 89' lang='lat' dir='ltr'>‘Libertum</span> <span class='ocrx_word' id='word_1_62' title='bbox 758 701 881 748; x_wconf 89' lang='lat' dir='ltr'>mitto,</span> <span class='ocrx_word' id='word_1_63' title='bbox 905 702 997 739; x_wconf 90' lang='lat' dir='ltr'>Tito</span> <span class='ocrx_word' id='word_1_64' title='bbox 1019 701 1226 740; x_wconf 58' lang='lat' dir='ltr'>mandavi!</span> <span class='ocrx_word' id='word_1_65' title='bbox 1283 703 1441 752; x_wconf 82' lang='grc' dir='ltr'>Σκήψεις</span> <span class='ocrx_word' id='word_1_66' title='bbox 1467 710 1523 741; x_wconf 86' lang='lat' dir='ltr'>at-</span> 
     </span>
     <span class='ocr_line' id='line_1_10' title="bbox 197 766 1524 817; baseline -0.001 -12"><span class='ocrx_word' id='word_1_67' title='bbox 197 780 274 817; x_wconf 94' lang='lat' dir='ltr'>que</span> <span class='ocrx_word' id='word_1_68' title='bbox 303 769 513 817; x_wconf 66' lang='grc' dir='ltr'>ἀναβολαῖς</span> <span class='ocrx_word' id='word_1_69' title='bbox 542 768 612 805; x_wconf 88' lang='lat' dir='ltr'>sed</span> <span class='ocrx_word' id='word_1_70' title='bbox 637 766 770 805; x_wconf 88' lang='lat' dir='ltr'>nescio</span> <span class='ocrx_word' id='word_1_71' title='bbox 790 780 841 805; x_wconf 87' lang='lat' dir='ltr'>an</span> <span class='ocrx_word' id='word_1_72' title='bbox 862 768 1092 817; x_wconf 73' lang='grc' dir='ltr'>ταύτόματον</span> <span class='ocrx_word' id='word_1_73' title='bbox 1118 768 1229 817; x_wconf 78' lang='grc' dir='ltr'>ἡμῶν.</span> <span class='ocrx_word' id='word_1_74' title='bbox 1291 769 1394 805; x_wconf 90' lang='lat' dir='ltr'>Nam</span> <span class='ocrx_word' id='word_1_75' title='bbox 1427 767 1524 805; x_wconf 87' lang='lat' dir='ltr'>mihi</span> 
     </span>
     <span class='ocr_line' id='line_1_11' title="bbox 138 832 1523 882; baseline 0.002 -15"><span class='ocrx_word' id='word_1_76' title='bbox 138 844 179 868; x_wconf 87' lang='lat'>10</span> <span class='ocrx_word' id='word_1_77' title='bbox 198 833 429 882; x_wconf 90' lang='lat' dir='ltr'>Pompeiani</span> <span class='ocrx_word' id='word_1_78' title='bbox 462 832 664 882; x_wconf 84' lang='lat' dir='ltr'>prodromi</span> <span class='ocrx_word' id='word_1_79' title='bbox 698 832 881 870; x_wconf 88' lang='lat' dir='ltr'>nuntiant</span> <span class='ocrx_word' id='word_1_80' title='bbox 911 840 1044 882; x_wconf 84' lang='lat' dir='ltr'>aperte</span> <span class='ocrx_word' id='word_1_81' title='bbox 1076 832 1310 882; x_wconf 85' lang='lat' dir='ltr'>Pompeium</span> <span class='ocrx_word' id='word_1_82' title='bbox 1343 840 1523 871; x_wconf 88' lang='lat' dir='ltr'>acturum</span> 
     </span>
     <span class='ocr_line' id='line_1_12' title="bbox 196 887 1523 947; baseline 0.002 -13"><span class='ocrx_word' id='word_1_83' title='bbox 196 897 373 936; x_wconf 85' lang='lat' dir='ltr'>Antonio</span> <span class='ocrx_word' id='word_1_84' title='bbox 403 899 563 936; x_wconf 80' lang='lat' dir='ltr'>succedi</span> <span class='ocrx_word' id='word_1_85' title='bbox 592 905 773 947; x_wconf 85' lang='lat' dir='ltr'>oportere</span> <span class='ocrx_word' id='word_1_86' title='bbox 794 899 1017 947; x_wconf 90' lang='lat' dir='ltr'>eodemque</span> <span class='ocrx_word' id='word_1_87' title='bbox 1046 887 1223 947; x_wconf 83' lang='lat' dir='ltr'>tempore</span> <span class='ocrx_word' id='word_1_88' title='bbox 1251 905 1339 947; x_wconf 83' lang='lat' dir='ltr'>aget</span> <span class='ocrx_word' id='word_1_89' title='bbox 1368 906 1523 947; x_wconf 87' lang='lat' dir='ltr'>praetor</span> 
     </span>
     <span class='ocr_line' id='line_1_13' title="bbox 195 962 1522 1013; baseline 0.002 -13"><span class='ocrx_word' id='word_1_90' title='bbox 195 963 246 1000; x_wconf 88' lang='lat' dir='ltr'>ad</span> <span class='ocrx_word' id='word_1_91' title='bbox 270 964 472 1012; x_wconf 88' lang='lat' dir='ltr'>populum.</span> <span class='ocrx_word' id='word_1_92' title='bbox 544 964 625 1000; x_wconf 84' lang='lat' dir='ltr'>Res</span> <span class='ocrx_word' id='word_1_93' title='bbox 650 962 734 1000; x_wconf 93' lang='lat' dir='ltr'>eius</span> <span class='ocrx_word' id='word_1_94' title='bbox 759 963 868 1001; x_wconf 90' lang='lat' dir='ltr'>modi</span> <span class='ocrx_word' id='word_1_95' title='bbox 895 970 953 1001; x_wconf 90' lang='lat' dir='ltr'>est</span> <span class='ocrx_word' id='word_1_96' title='bbox 983 970 1025 1001; x_wconf 88' lang='lat' dir='ltr'>ut</span> <span class='ocrx_word' id='word_1_97' title='bbox 1051 976 1123 1013; x_wconf 79' lang='lat' dir='ltr'>ego</span> <span class='ocrx_word' id='word_1_98' title='bbox 1144 977 1218 1001; x_wconf 90' lang='lat' dir='ltr'>nec</span> <span class='ocrx_word' id='word_1_99' title='bbox 1238 976 1306 1013; x_wconf 90' lang='lat' dir='ltr'>per</span> <span class='ocrx_word' id='word_1_100' title='bbox 1326 964 1522 1002; x_wconf 90' lang='lat' dir='ltr'>bonorum</span> 
     </span>
     <span class='ocr_line' id='line_1_14' title="bbox 196 1026 1524 1077; baseline 0.002 -14"><span class='ocrx_word' id='word_1_101' title='bbox 196 1039 269 1064; x_wconf 86' lang='lat' dir='ltr'>nec</span> <span class='ocrx_word' id='word_1_102' title='bbox 299 1040 367 1076; x_wconf 89' lang='lat' dir='ltr'>per</span> <span class='ocrx_word' id='word_1_103' title='bbox 397 1028 628 1077; x_wconf 77' lang='lat' dir='ltr'>popularem</span> <span class='ocrx_word' id='word_1_104' title='bbox 662 1026 992 1065; x_wconf 77' lang='lat' dir='ltr'>existimationem</span> <span class='ocrx_word' id='word_1_105' title='bbox 1024 1028 1189 1065; x_wconf 81' lang='lat' dir='ltr'>honeste</span> <span class='ocrx_word' id='word_1_106' title='bbox 1220 1028 1368 1077; x_wconf 90' lang='lat' dir='ltr'>possim</span> <span class='ocrx_word' id='word_1_107' title='bbox 1399 1028 1524 1067; x_wconf 89' lang='lat' dir='ltr'>homi-</span> 
     </span>
     <span class='ocr_line' id='line_1_15' title="bbox 195 1091 1520 1143; baseline 0.002 -14"><span class='ocrx_word' id='word_1_108' title='bbox 195 1105 287 1129; x_wconf 90' lang='lat' dir='ltr'>nem</span> <span class='ocrx_word' id='word_1_109' title='bbox 318 1093 541 1139; x_wconf 86' lang='lat' dir='ltr'>defendere,</span> <span class='ocrx_word' id='word_1_110' title='bbox 577 1105 652 1130; x_wconf 87' lang='lat' dir='ltr'>nec</span> <span class='ocrx_word' id='word_1_111' title='bbox 682 1091 779 1130; x_wconf 90' lang='lat' dir='ltr'>mihi</span> <span class='ocrx_word' id='word_1_112' title='bbox 810 1092 940 1140; x_wconf 89' lang='lat' dir='ltr'>libeat,</span> <span class='ocrx_word' id='word_1_113' title='bbox 977 1094 1086 1143; x_wconf 91' lang='lat' dir='ltr'>quod</span> <span class='ocrx_word' id='word_1_114' title='bbox 1114 1094 1175 1130; x_wconf 81' lang='lat' dir='ltr'>vel</span> <span class='ocrx_word' id='word_1_115' title='bbox 1204 1093 1418 1131; x_wconf 80' lang='lat' dir='ltr'>maximum</span> <span class='ocrx_word' id='word_1_116' title='bbox 1451 1102 1520 1132; x_wconf 88' lang='lat' dir='ltr'>est.</span> 
     </span>
     <span class='ocr_line' id='line_1_16' title="bbox 138 1156 1523 1206; baseline 0.004 -16"><span class='ocrx_word' id='word_1_117' title='bbox 138 1170 174 1201; x_wconf 84' lang='lat'>15</span> <span class='ocrx_word' id='word_1_118' title='bbox 196 1156 354 1194; x_wconf 86' lang='lat' dir='ltr'>Etenim</span> <span class='ocrx_word' id='word_1_119' title='bbox 383 1156 527 1195; x_wconf 90' lang='lat' dir='ltr'>accidit</span> <span class='ocrx_word' id='word_1_120' title='bbox 554 1157 642 1203; x_wconf 91' lang='lat' dir='ltr'>hoc,</span> <span class='ocrx_word' id='word_1_121' title='bbox 666 1157 775 1206; x_wconf 89' lang='lat' dir='ltr'>quod</span> <span class='ocrx_word' id='word_1_122' title='bbox 799 1164 928 1195; x_wconf 90' lang='lat' dir='ltr'>totum</span> <span class='ocrx_word' id='word_1_123' title='bbox 952 1157 1063 1195; x_wconf 89' lang='lat' dir='ltr'>cuius</span> <span class='ocrx_word' id='word_1_124' title='bbox 1085 1157 1194 1195; x_wconf 91' lang='lat' dir='ltr'>modi</span> <span class='ocrx_word' id='word_1_125' title='bbox 1215 1157 1262 1195; x_wconf 89' lang='lat' dir='ltr'>sit</span> <span class='ocrx_word' id='word_1_126' title='bbox 1283 1159 1430 1196; x_wconf 87' lang='lat' dir='ltr'>mando</span> <span class='ocrx_word' id='word_1_127' title='bbox 1452 1158 1523 1196; x_wconf 89' lang='lat' dir='ltr'>tibi</span> 
     </span>
     <span class='ocr_line' id='line_1_17' title="bbox 194 1221 1564 1272; baseline 0.002 -14"><span class='ocrx_word' id='word_1_128' title='bbox 194 1228 238 1258; x_wconf 91' lang='lat' dir='ltr'>ut</span> <span class='ocrx_word' id='word_1_129' title='bbox 256 1221 478 1271; x_wconf 78' lang='lat' dir='ltr'>perspicias.</span> <span class='ocrx_word' id='word_1_130' title='bbox 530 1221 733 1259; x_wconf 86' lang='lat' dir='ltr'>Libertum</span> <span class='ocrx_word' id='word_1_131' title='bbox 753 1235 827 1272; x_wconf 82' lang='lat' dir='ltr'>ego</span> <span class='ocrx_word' id='word_1_132' title='bbox 847 1222 977 1260; x_wconf 90' lang='lat' dir='ltr'>habeo</span> <span class='ocrx_word' id='word_1_133' title='bbox 998 1235 1092 1260; x_wconf 89' lang='lat' dir='ltr'>sane</span> <span class='ocrx_word' id='word_1_134' title='bbox 1112 1235 1283 1272; x_wconf 79' lang='lat' dir='ltr'>nequam</span> <span class='ocrx_word' id='word_1_135' title='bbox 1304 1223 1518 1270; x_wconf 88' lang='lat' dir='ltr'>hominem,</span> <span class='ocrx_word' id='word_1_136' title='bbox 1539 1237 1564 1264; x_wconf 89' lang='lat'>2</span> 
     </span>
     <span class='ocr_line' id='line_1_18' title="bbox 196 1285 1520 1333; baseline 0.002 -10"><span class='ocrx_word' id='word_1_137' title='bbox 196 1286 378 1324; x_wconf 79' lang='lat' dir='ltr'>Hilarum</span> <span class='ocrx_word' id='word_1_138' title='bbox 412 1286 513 1333; x_wconf 87' lang='lat' dir='ltr'>dico,</span> <span class='ocrx_word' id='word_1_139' title='bbox 549 1285 864 1325; x_wconf 81' lang='lat' dir='ltr'>ratiocinatorem</span> <span class='ocrx_word' id='word_1_140' title='bbox 898 1294 936 1325; x_wconf 91' lang='lat' dir='ltr'>et</span> <span class='ocrx_word' id='word_1_141' title='bbox 970 1286 1153 1325; x_wconf 87' lang='lat' dir='ltr'>clientem</span> <span class='ocrx_word' id='word_1_142' title='bbox 1184 1294 1306 1325; x_wconf 92' lang='lat' dir='ltr'>tuum.</span> <span class='ocrx_word' id='word_1_143' title='bbox 1379 1289 1441 1325; x_wconf 89' lang='lat' dir='ltr'>De</span> <span class='ocrx_word' id='word_1_144' title='bbox 1472 1301 1520 1326; x_wconf 91' lang='lat' dir='ltr'>eo</span> 
     </span>
     <span class='ocr_line' id='line_1_19' title="bbox 193 1350 1521 1401; baseline 0.002 -13"><span class='ocrx_word' id='word_1_145' title='bbox 193 1350 290 1388; x_wconf 88' lang='lat' dir='ltr'>mihi</span> <span class='ocrx_word' id='word_1_146' title='bbox 309 1350 487 1389; x_wconf 74' lang='lat' dir='ltr'>Valerius</span> <span class='ocrx_word' id='word_1_147' title='bbox 511 1350 700 1400; x_wconf 85' lang='lat' dir='ltr'>interpres</span> <span class='ocrx_word' id='word_1_148' title='bbox 727 1351 882 1389; x_wconf 85' lang='lat' dir='ltr'>nuntiat</span> <span class='ocrx_word' id='word_1_149' title='bbox 902 1351 1161 1401; x_wconf 79' lang='lat' dir='ltr'>Thyillusque</span> <span class='ocrx_word' id='word_1_150' title='bbox 1187 1364 1228 1390; x_wconf 91' lang='lat' dir='ltr'>se</span> <span class='ocrx_word' id='word_1_151' title='bbox 1254 1351 1411 1389; x_wconf 85' lang='lat' dir='ltr'>audisse</span> <span class='ocrx_word' id='word_1_152' title='bbox 1432 1352 1521 1390; x_wconf 89' lang='lat' dir='ltr'>scri-</span> 
     </span>
     <span class='ocr_line' id='line_1_20' title="bbox 193 1415 1518 1466; baseline 0.001 -12"><span class='ocrx_word' id='word_1_153' title='bbox 193 1415 249 1454; x_wconf 89' lang='lat' dir='ltr'>bit</span> <span class='ocrx_word' id='word_1_154' title='bbox 278 1417 386 1463; x_wconf 88' lang='lat' dir='ltr'>haec,</span> <span class='ocrx_word' id='word_1_155' title='bbox 409 1430 494 1455; x_wconf 90' lang='lat' dir='ltr'>esse</span> <span class='ocrx_word' id='word_1_156' title='bbox 522 1416 726 1454; x_wconf 90' lang='lat' dir='ltr'>hominem</span> <span class='ocrx_word' id='word_1_157' title='bbox 755 1430 846 1454; x_wconf 92' lang='lat' dir='ltr'>cum</span> <span class='ocrx_word' id='word_1_158' title='bbox 866 1416 1044 1455; x_wconf 84' lang='lat' dir='ltr'>Antonio</span> <span class='ocrx_word' id='word_1_159' title='bbox 1059 1431 1068 1464; x_wconf 79' lang='lat'>3</span> <span class='ocrx_word' id='word_1_160' title='bbox 1097 1415 1316 1454; x_wconf 83' lang='lat' dir='ltr'>Antonium</span> <span class='ocrx_word' id='word_1_161' title='bbox 1337 1430 1452 1466; x_wconf 87' lang='lat' dir='ltr'>porro</span> <span class='ocrx_word' id='word_1_162' title='bbox 1478 1417 1518 1455; x_wconf 88' lang='lat' dir='ltr'>in</span> 
     </span>
     <span class='ocr_line' id='line_1_21' title="bbox 135 1481 1517 1531; baseline 0.004 -15"><span class='ocrx_word' id='word_1_163' title='bbox 135 1495 174 1517; x_wconf 90' lang='lat'>20</span> <span class='ocrx_word' id='word_1_164' title='bbox 192 1481 380 1531; x_wconf 85' lang='lat' dir='ltr'>cogendis</span> <span class='ocrx_word' id='word_1_165' title='bbox 400 1481 578 1531; x_wconf 89' lang='lat' dir='ltr'>pecuniis</span> <span class='ocrx_word' id='word_1_166' title='bbox 598 1481 776 1520; x_wconf 87' lang='lat' dir='ltr'>dictitare</span> <span class='ocrx_word' id='word_1_167' title='bbox 796 1489 947 1531; x_wconf 89' lang='lat' dir='ltr'>partem</span> <span class='ocrx_word' id='word_1_168' title='bbox 969 1481 1065 1519; x_wconf 86' lang='lat' dir='ltr'>mihi</span> <span class='ocrx_word' id='word_1_169' title='bbox 1085 1481 1220 1531; x_wconf 91' lang='lat' dir='ltr'>quaeri</span> <span class='ocrx_word' id='word_1_170' title='bbox 1240 1488 1277 1519; x_wconf 88' lang='lat' dir='ltr'>et</span> <span class='ocrx_word' id='word_1_171' title='bbox 1303 1494 1326 1519; x_wconf 90' lang='lat' dir='ltr'>a</span> <span class='ocrx_word' id='word_1_172' title='bbox 1350 1495 1413 1519; x_wconf 93' lang='lat' dir='ltr'>me</span> <span class='ocrx_word' id='word_1_173' title='bbox 1434 1496 1517 1521; x_wconf 89' lang='lat' dir='ltr'>cus-</span> 
     </span>
     <span class='ocr_line' id='line_1_22' title="bbox 191 1545 1517 1596; baseline 0.001 -12"><span class='ocrx_word' id='word_1_174' title='bbox 191 1548 326 1584; x_wconf 88' lang='lat' dir='ltr'>todem</span> <span class='ocrx_word' id='word_1_175' title='bbox 365 1546 587 1585; x_wconf 89' lang='lat' dir='ltr'>communis</span> <span class='ocrx_word' id='word_1_176' title='bbox 626 1555 811 1596; x_wconf 85' lang='lat' dir='ltr'>quaestus</span> <span class='ocrx_word' id='word_1_177' title='bbox 846 1546 1028 1584; x_wconf 91' lang='lat' dir='ltr'>libertum</span> <span class='ocrx_word' id='word_1_178' title='bbox 1064 1559 1149 1585; x_wconf 92' lang='lat' dir='ltr'>esse</span> <span class='ocrx_word' id='word_1_179' title='bbox 1188 1545 1361 1584; x_wconf 88' lang='lat' dir='ltr'>missum.</span> <span class='ocrx_word' id='word_1_180' title='bbox 1422 1548 1517 1585; x_wconf 91' lang='lat' dir='ltr'>Non</span> 
     </span>
     <span class='ocr_line' id='line_1_23' title="bbox 190 1610 1515 1661; baseline 0 -11"><span class='ocrx_word' id='word_1_181' title='bbox 190 1625 277 1649; x_wconf 86' lang='lat' dir='ltr'>sum</span> <span class='ocrx_word' id='word_1_182' title='bbox 298 1611 547 1650; x_wconf 87' lang='lat' dir='ltr'>mediocriter</span> <span class='ocrx_word' id='word_1_183' title='bbox 566 1619 789 1650; x_wconf 90' lang='lat' dir='ltr'>commotus</span> <span class='ocrx_word' id='word_1_184' title='bbox 815 1625 944 1661; x_wconf 89' lang='lat' dir='ltr'>neque</span> <span class='ocrx_word' id='word_1_185' title='bbox 972 1618 1103 1649; x_wconf 88' lang='lat' dir='ltr'>tamen</span> <span class='ocrx_word' id='word_1_186' title='bbox 1136 1610 1295 1657; x_wconf 87' lang='lat' dir='ltr'>credidi,</span> <span class='ocrx_word' id='word_1_187' title='bbox 1314 1612 1384 1650; x_wconf 84' lang='lat' dir='ltr'>sed</span> <span class='ocrx_word' id='word_1_188' title='bbox 1411 1619 1515 1650; x_wconf 88' lang='lat' dir='ltr'>certe</span> 
     </span>
     <span class='ocr_line' id='line_1_24' title="bbox 188 1676 1516 1726; baseline 0.001 -12"><span class='ocrx_word' id='word_1_189' title='bbox 188 1676 339 1726; x_wconf 90' lang='lat' dir='ltr'>aliquid</span> <span class='ocrx_word' id='word_1_190' title='bbox 359 1677 549 1716; x_wconf 89' lang='lat' dir='ltr'>sermonis</span> <span class='ocrx_word' id='word_1_191' title='bbox 569 1677 651 1715; x_wconf 87' lang='lat' dir='ltr'>fuit.</span> <span class='ocrx_word' id='word_1_192' title='bbox 711 1678 859 1715; x_wconf 89' lang='lat' dir='ltr'>Totum</span> <span class='ocrx_word' id='word_1_193' title='bbox 887 1676 1086 1726; x_wconf 80' lang='lat' dir='ltr'>investiga,</span> <span class='ocrx_word' id='word_1_194' title='bbox 1110 1689 1315 1726; x_wconf 82' lang='lat' dir='ltr'>cognosce,</span> <span class='ocrx_word' id='word_1_195' title='bbox 1338 1676 1516 1726; x_wconf 86' lang='lat' dir='ltr'>perspice</span> 
     </span>
     <span class='ocr_line' id='line_1_25' title="bbox 189 1740 1515 1792; baseline -0.001 -12"><span class='ocrx_word' id='word_1_196' title='bbox 189 1749 227 1780; x_wconf 93' lang='lat' dir='ltr'>et</span> <span class='ocrx_word' id='word_1_197' title='bbox 266 1743 506 1782; x_wconf 88' lang='lat' dir='ltr'>nebulonem</span> <span class='ocrx_word' id='word_1_198' title='bbox 546 1742 667 1789; x_wconf 90' lang='lat' dir='ltr'>illum,</span> <span class='ocrx_word' id='word_1_199' title='bbox 704 1742 736 1780; x_wconf 88' lang='lat' dir='ltr'>si</span> <span class='ocrx_word' id='word_1_200' title='bbox 771 1755 851 1792; x_wconf 88' lang='lat' dir='ltr'>quo</span> <span class='ocrx_word' id='word_1_201' title='bbox 889 1748 1006 1791; x_wconf 88' lang='lat' dir='ltr'>pacto</span> <span class='ocrx_word' id='word_1_202' title='bbox 1053 1749 1177 1790; x_wconf 89' lang='lat' dir='ltr'>potes,</span> <span class='ocrx_word' id='word_1_203' title='bbox 1213 1754 1260 1779; x_wconf 87' lang='lat' dir='ltr'>ex</span> <span class='ocrx_word' id='word_1_204' title='bbox 1298 1740 1379 1778; x_wconf 89' lang='lat' dir='ltr'>istis</span> <span class='ocrx_word' id='word_1_205' title='bbox 1418 1740 1515 1779; x_wconf 87' lang='lat' dir='ltr'>locis</span> 
     </span>
     <span class='ocr_line' id='line_1_26' title="bbox 130 1806 1514 1856; baseline -0.002 -9"><span class='ocrx_word' id='word_1_206' title='bbox 130 1824 169 1856; x_wconf 87' lang='lat'>²5</span> <span class='ocrx_word' id='word_1_207' title='bbox 189 1820 339 1846; x_wconf 87' lang='lat' dir='ltr'>amove.</span> <span class='ocrx_word' id='word_1_208' title='bbox 400 1808 532 1846; x_wconf 89' lang='lat' dir='ltr'>Huius</span> <span class='ocrx_word' id='word_1_209' title='bbox 562 1807 753 1847; x_wconf 87' lang='lat' dir='ltr'>sermonis</span> <span class='ocrx_word' id='word_1_210' title='bbox 773 1807 952 1845; x_wconf 81' lang='lat' dir='ltr'>Valerius</span> <span class='ocrx_word' id='word_1_211' title='bbox 982 1814 1182 1844; x_wconf 91' lang='lat' dir='ltr'>auctorem</span> <span class='ocrx_word' id='word_1_212' title='bbox 1213 1806 1285 1844; x_wconf 91' lang='lat' dir='ltr'>Cn.</span> <span class='ocrx_word' id='word_1_213' title='bbox 1310 1806 1514 1844; x_wconf 83' lang='lat' dir='ltr'>Plancium</span> 
     </span>
     <span class='ocr_line' id='line_1_27' title="bbox 190 1869 1511 1922; baseline -0.001 -12"><span class='ocrx_word' id='word_1_214' title='bbox 190 1872 429 1911; x_wconf 85' lang='lat' dir='ltr'>nominabat.</span> <span class='ocrx_word' id='word_1_215' title='bbox 465 1874 618 1912; x_wconf 91' lang='lat' dir='ltr'>Mando</span> <span class='ocrx_word' id='word_1_216' title='bbox 631 1873 703 1911; x_wconf 88' lang='lat' dir='ltr'>tibi</span> <span class='ocrx_word' id='word_1_217' title='bbox 716 1874 832 1922; x_wconf 90' lang='lat' dir='ltr'>plane</span> <span class='ocrx_word' id='word_1_218' title='bbox 846 1880 972 1910; x_wconf 87' lang='lat' dir='ltr'>totum</span> <span class='ocrx_word' id='word_1_219' title='bbox 993 1878 1036 1909; x_wconf 85' lang='lat' dir='ltr'>ut</span> <span class='ocrx_word' id='word_1_220' title='bbox 1056 1870 1189 1908; x_wconf 89' lang='lat' dir='ltr'>videas</span> <span class='ocrx_word' id='word_1_221' title='bbox 1203 1869 1313 1908; x_wconf 87' lang='lat' dir='ltr'>cuius</span> <span class='ocrx_word' id='word_1_222' title='bbox 1328 1870 1436 1908; x_wconf 91' lang='lat' dir='ltr'>modi</span> <span class='ocrx_word' id='word_1_223' title='bbox 1453 1870 1511 1909; x_wconf 86' lang='lat' dir='ltr'>sit.</span> 
     </span>
     <span class='ocr_line' id='line_1_28' title="bbox 242 1934 1556 1987; baseline -0.002 -12"><span class='ocrx_word' id='word_1_224' title='bbox 242 1938 477 1987; x_wconf 87' lang='lat' dir='ltr'>Pompeium</span> <span class='ocrx_word' id='word_1_225' title='bbox 507 1938 622 1977; x_wconf 89' lang='lat' dir='ltr'>nobis</span> <span class='ocrx_word' id='word_1_226' title='bbox 652 1937 934 1976; x_wconf 86' lang='lat' dir='ltr'>amicissimum</span> <span class='ocrx_word' id='word_1_227' title='bbox 959 1943 1112 1974; x_wconf 90' lang='lat' dir='ltr'>constat</span> <span class='ocrx_word' id='word_1_228' title='bbox 1133 1948 1228 1973; x_wconf 86' lang='lat' dir='ltr'>esse.</span> <span class='ocrx_word' id='word_1_229' title='bbox 1289 1934 1512 1973; x_wconf 83' lang='lat' dir='ltr'>Divortium</span> <span class='ocrx_word' id='word_1_230' title='bbox 1533 1947 1556 1984; x_wconf 92' lang='lat'><strong>3</strong></span> 
     </span>
     <span class='ocr_line' id='line_1_29' title="bbox 188 1998 1513 2052; baseline -0.001 -13"><span class='ocrx_word' id='word_1_231' title='bbox 188 2002 347 2041; x_wconf 90' lang='lat' dir='ltr'>Muciae</span> <span class='ocrx_word' id='word_1_232' title='bbox 377 2005 630 2041; x_wconf 89' lang='lat' dir='ltr'>vehementer</span> <span class='ocrx_word' id='word_1_233' title='bbox 658 2003 855 2052; x_wconf 85' lang='lat' dir='ltr'>probatur.</span> <span class='ocrx_word' id='word_1_234' title='bbox 917 2003 958 2039; x_wconf 94' lang='lat' dir='ltr'>P.</span> <span class='ocrx_word' id='word_1_235' title='bbox 983 1999 1181 2046; x_wconf 87' lang='lat' dir='ltr'>Clodium,</span> <span class='ocrx_word' id='word_1_236' title='bbox 1203 1998 1309 2050; x_wconf 86' lang='lat' dir='ltr'>Appi</span> <span class='ocrx_word' id='word_1_237' title='bbox 1334 2000 1370 2046; x_wconf 88' lang='lat' dir='ltr'>f.,</span> <span class='ocrx_word' id='word_1_238' title='bbox 1395 2001 1513 2038; x_wconf 87' lang='lat' dir='ltr'>credo</span> 
     </span>
     <span class='ocr_line' id='line_1_30' title="bbox 186 2065 1513 2117; baseline -0.002 -11"><span class='ocrx_word' id='word_1_239' title='bbox 186 2075 224 2106; x_wconf 91' lang='lat' dir='ltr'>te</span> <span class='ocrx_word' id='word_1_240' title='bbox 252 2069 409 2108; x_wconf 86' lang='lat' dir='ltr'>audisse</span> <span class='ocrx_word' id='word_1_241' title='bbox 438 2083 530 2108; x_wconf 91' lang='lat' dir='ltr'>cum</span> <span class='ocrx_word' id='word_1_242' title='bbox 550 2077 657 2107; x_wconf 87' lang='lat' dir='ltr'>veste</span> <span class='ocrx_word' id='word_1_243' title='bbox 681 2068 862 2107; x_wconf 89' lang='lat' dir='ltr'>muliebri</span> <span class='ocrx_word' id='word_1_244' title='bbox 889 2068 1179 2117; x_wconf 89' lang='lat' dir='ltr'>deprehensum</span> <span class='ocrx_word' id='word_1_245' title='bbox 1209 2065 1318 2104; x_wconf 90' lang='lat' dir='ltr'>domi</span> <span class='ocrx_word' id='word_1_246' title='bbox 1349 2067 1392 2105; x_wconf 89' lang='lat' dir='ltr'>C.</span> <span class='ocrx_word' id='word_1_247' title='bbox 1417 2067 1513 2105; x_wconf 87' lang='lat' dir='ltr'>Cae-</span> 
     </span>
     <span class='ocr_line' id='line_1_31' title="bbox 127 2132 1512 2184; baseline -0.001 -14"><span class='ocrx_word' id='word_1_248' title='bbox 127 2148 166 2178; x_wconf 83' lang='lat'>30</span> <span class='ocrx_word' id='word_1_249' title='bbox 185 2133 279 2172; x_wconf 89' lang='lat' dir='ltr'>saris</span> <span class='ocrx_word' id='word_1_250' title='bbox 309 2148 400 2172; x_wconf 89' lang='lat' dir='ltr'>cum</span> <span class='ocrx_word' id='word_1_251' title='bbox 433 2147 504 2183; x_wconf 93' lang='lat' dir='ltr'>pro</span> <span class='ocrx_word' id='word_1_252' title='bbox 533 2135 681 2184; x_wconf 87' lang='lat' dir='ltr'>populo</span> <span class='ocrx_word' id='word_1_253' title='bbox 712 2135 831 2181; x_wconf 89' lang='lat' dir='ltr'>fieret,</span> <span class='ocrx_word' id='word_1_254' title='bbox 865 2145 1035 2182; x_wconf 90' lang='lat' dir='ltr'>eumque</span> <span class='ocrx_word' id='word_1_255' title='bbox 1066 2145 1135 2182; x_wconf 89' lang='lat' dir='ltr'>per</span> <span class='ocrx_word' id='word_1_256' title='bbox 1168 2144 1308 2169; x_wconf 86' lang='lat' dir='ltr'>manus</span> <span class='ocrx_word' id='word_1_257' title='bbox 1338 2132 1512 2169; x_wconf 79' lang='lat' dir='ltr'>servulae</span> 
     </span>
    </p>
   </div>
   <div class='ocr_carea' id='block_1_5' title="bbox 184 2233 1513 2364">
    <p class='ocr_par' dir='ltr' id='par_1_5' title="bbox 184 2233 1513 2364">
     <span class='ocr_line' id='line_1_32' title="bbox 227 2233 1510 2276; baseline -0.002 -9"><span class='ocrx_word' id='word_1_258' title='bbox 227 2238 249 2267; x_wconf 92' lang='lat'><strong>6</strong></span> <span class='ocrx_word' id='word_1_259' title='bbox 273 2236 413 2267; x_wconf 85' lang='lat' dir='ltr'>minoris</span> <span class='ocrx_word' id='word_1_260' title='bbox 431 2236 551 2268; x_wconf 72' lang='lat' dir='ltr'>Sencca</span> <span class='ocrx_word' id='word_1_261' title='bbox 566 2235 669 2276; x_wconf 76' lang='lat' dir='ltr'>Epist.</span> <span class='ocrx_word' id='word_1_262' title='bbox 689 2237 756 2267; x_wconf 63' lang='lat'>118,</span> <span class='ocrx_word' id='word_1_263' title='bbox 777 2246 796 2266; x_wconf 87' lang='lat'><strong>2</strong></span> <span class='ocrx_word' id='word_1_264' title='bbox 971 2237 991 2266; x_wconf 87' lang='lat'><em>8</em></span> <span class='ocrx_word' id='word_1_265' title='bbox 1016 2235 1137 2266; x_wconf 88' lang='lat' dir='ltr'>mittito</span> <span class='ocrx_word' id='word_1_266' title='bbox 1159 2233 1239 2266; x_wconf 85' lang='lat' dir='ltr'>com&#39;.</span> <span class='ocrx_word' id='word_1_267' title='bbox 1257 2233 1349 2271; x_wconf 76' lang='lat' dir='ltr'>Rcz&#39;d,</span> <span class='ocrx_word' id='word_1_268' title='bbox 1368 2234 1432 2265; x_wconf 87' lang='lat' dir='ltr'>coll.</span> <span class='ocrx_word' id='word_1_269' title='bbox 1456 2237 1470 2271; x_wconf 82' lang='lat'>§</span> <span class='ocrx_word' id='word_1_270' title='bbox 1490 2244 1510 2264; x_wconf 82' lang='lat'><em>2</em></span> 
     </span>
     <span class='ocr_line' id='line_1_33' title="bbox 184 2279 1509 2319; baseline -0.003 -8"><span class='ocrx_word' id='word_1_271' title='bbox 184 2280 203 2311; x_wconf 92' lang='grc' dir='ltr'>Ι.</span> <span class='ocrx_word' id='word_1_272' title='bbox 221 2290 258 2310; x_wconf 89' lang='lat'>21</span> <span class='ocrx_word' id='word_1_273' title='bbox 406 2290 444 2318; x_wconf 85' lang='lat'>13</span> <span class='ocrx_word' id='word_1_274' title='bbox 468 2290 529 2319; x_wconf 86' lang='lat' dir='ltr'>per</span> <span class='ocrx_word' id='word_1_275' title='bbox 552 2290 617 2310; x_wconf 86' lang='lat' dir='ltr'>om.</span> <span class='ocrx_word' id='word_1_276' title='bbox 645 2279 696 2310; x_wconf 91' lang='lat' dir='ltr'>Ml</span> <span class='ocrx_word' id='word_1_277' title='bbox 842 2288 879 2319; x_wconf 91' lang='lat'>15</span> <span class='ocrx_word' id='word_1_278' title='bbox 903 2280 1032 2310; x_wconf 87' lang='lat' dir='ltr'>accedit</span> <span class='ocrx_word' id='word_1_279' title='bbox 1058 2279 1134 2310; x_wconf 82' lang='lat' dir='ltr'>Otto</span> <span class='ocrx_word' id='word_1_280' title='bbox 1277 2288 1320 2317; x_wconf 85' lang='grc' dir='ltr'>3ο</span> <span class='ocrx_word' id='word_1_281' title='bbox 1344 2288 1418 2308; x_wconf 85' lang='lat' dir='ltr'>cum</span> <span class='ocrx_word' id='word_1_282' title='bbox 1448 2288 1509 2317; x_wconf 85' lang='lat' dir='ltr'>pro</span> 
     </span>
     <span class='ocr_line' id='line_1_34' title="bbox 187 2321 1513 2364; baseline -0.002 -10"><span class='ocrx_word' id='word_1_283' title='bbox 187 2323 275 2360; x_wconf 57' lang='lat' dir='ltr'><em>Vict„</em></span> <span class='ocrx_word' id='word_1_284' title='bbox 291 2323 355 2353; x_wconf 84' lang='lat' dir='ltr'><em>coll.</em></span> <span class='ocrx_word' id='word_1_285' title='bbox 374 2333 421 2361; x_wconf 86' lang='lat'>13.</span> <span class='ocrx_word' id='word_1_286' title='bbox 437 2333 475 2361; x_wconf 87' lang='lat'>3:</span> <span class='ocrx_word' id='word_1_287' title='bbox 499 2333 573 2354; x_wconf 88' lang='lat' dir='ltr'>cum</span> <span class='ocrx_word' id='word_1_288' title='bbox 589 2323 788 2354; x_wconf 82' lang='lat' dir='ltr'>sacrificium</span> <span class='ocrx_word' id='word_1_289' title='bbox 802 2333 863 2364; x_wconf 85' lang='lat' dir='ltr'>pro</span> <span class='ocrx_word' id='word_1_290' title='bbox 877 2322 947 2355; x_wconf 92' lang='lat' dir='ltr'>MZ</span> <span class='ocrx_word' id='word_1_291' title='bbox 1022 2322 1175 2354; x_wconf 83' lang='lat' dir='ltr'>servulae</span> <span class='ocrx_word' id='word_1_292' title='bbox 1187 2324 1275 2353; x_wconf 57' lang='lat' dir='ltr'>veih:</span> <span class='ocrx_word' id='word_1_293' title='bbox 1301 2321 1446 2361; x_wconf 86' lang='lat' dir='ltr'>Scprule</span> <span class='ocrx_word' id='word_1_294' title='bbox 1463 2321 1513 2351; x_wconf 73' lang='lat' dir='ltr'>vel</span> 
     </span>
    </p>
   </div>
   <div class='ocr_carea' id='block_1_6' title="bbox 185 2366 466 2406">
    <p class='ocr_par' dir='ltr' id='par_1_6' title="bbox 185 2366 466 2406">
     <span class='ocr_line' id='line_1_35' title="bbox 185 2366 466 2406; baseline 0.004 -9"><span class='ocrx_word' id='word_1_295' title='bbox 185 2366 361 2406; x_wconf 80' lang='lat' dir='ltr'>Seprullae</span> <span class='ocrx_word' id='word_1_296' title='bbox 377 2366 466 2398; x_wconf 85' lang='lat' dir='ltr'>codd.</span> 
     </span>
    </p>
   </div>
  </div>
 </body>
</html>
