1817 2832
641 128 754 166 EPP.
786 127 864 164 AD
894 125 1154 165 ATTICVM
1538 127 1580 163 V.
1598 125 1644 162 iv

225 238 439 291 Pomptino
461 246 565 278 recte
586 238 733 278 scribis.
784 239 855 277 Est
875 237 981 277 enim
1002 237 1055 276 ita
1075 245 1126 284 ut,
1146 237 1178 276 si
1197 245 1288 277 ante
1307 239 1394 277 Kal.
1415 237 1548 276 Iunias

225 304 409 344 Brundisi
439 306 589 343 futurus
620 304 678 352 sit,
702 304 831 342 minus
861 303 1025 354 urgendi
1053 303 1196 342 fuerint
1225 305 1281 342 M.
1303 303 1482 342 Anneius
1509 311 1546 342 et

221 372 270 410 L.
285 369 449 408 Tullius.
491 371 605 419 Quae
621 371 671 408 de
688 368 835 408 Sicinio
851 368 994 407 audisti
1010 382 1056 407 ea
1071 368 1167 406 mihi
1184 369 1407 418 probantur,
1425 369 1546 407 modo
1564 375 1587 411 3

223 449 274 474 ne
294 435 360 474 illa
379 434 558 485 exceptio
579 434 618 472 in
638 434 809 484 aliquem
831 433 999 472 incurrat
1020 434 1122 472 bene
1144 435 1193 472 de
1214 433 1330 472 nobis
1351 433 1544 472 meritum.

184 515 203 546 5
225 502 302 540 Sed
334 499 682 546 considerabimus,
709 512 790 537 rem
817 494 923 536 enim
955 498 1090 548 probo.
1153 499 1214 536 De
1245 506 1378 537 nostro
1412 498 1548 537 itinere

225 567 333 616 quod
354 573 534 612 statuero,
559 566 610 603 de
636 563 811 614 quinque
839 562 1042 612 praefectis
1073 562 1169 612 quid
1191 563 1404 613 Pompeius
1431 564 1549 601 factu-

224 644 288 669 rus
318 630 366 668 sit
396 644 486 668 cum
516 643 564 668 ex
593 629 678 683 ipso
708 641 881 678 cognoro
910 627 1050 666 faciam
1081 634 1124 665 ut
1153 627 1263 666 scias.
1323 629 1385 666 De
1415 627 1546 678 Oppio

226 695 326 733 bene
360 694 501 733 curasti
531 695 640 744 quod
673 692 708 732 ei
738 694 788 731 de
822 704 927 730 Dccc
956 691 1170 741 exposuisti
1200 691 1331 742 idque,
1360 692 1546 741 quoniam

227 759 482 798 Philotimum
503 759 635 804 habes,
658 759 801 808 perfice
821 765 859 795 et
881 769 1076 807 cognosce
1097 755 1288 795 rationem
1309 763 1347 795 et
1373 764 1416 794 ut
1435 770 1547 806 agam

167 842 206 863 10
226 824 389 874 planius,
413 824 444 862 si
466 837 529 862 me
547 836 667 869 amas,
685 822 791 873 prius
813 835 931 872 quam
952 820 1208 872 proficiscaris
1229 821 1349 860 effice.
1401 822 1549 871 Magna

226 902 289 927 me
309 902 402 927 cura
421 888 569 927 levaris.

280 954 417 992 Habes
455 954 506 991 ad
544 952 687 991 omnia.
748 951 833 989 Etsi
877 964 1003 1000 paene
1048 950 1226 1000 praeterii
1265 952 1439 989 chartam
1478 951 1592 996 tibi4

224 1020 372 1057 deesse.
430 1020 524 1056 Mea
543 1016 673 1067 captio
694 1024 762 1063 est,
785 1016 816 1054 si
837 1015 998 1065 quidem
1019 1015 1102 1054 eius
1124 1015 1256 1065 inopia
1276 1015 1405 1054 minus
1427 1018 1548 1054 multa

225 1085 276 1122 ad
306 1097 369 1121 me
396 1082 542 1121 scribis.
601 1084 664 1120 Tu
684 1095 776 1119 vero
802 1083 910 1119 auser
936 1082 1154 1129 ducentos3
1183 1081 1255 1118 etsi
1280 1094 1408 1119 meam
1436 1081 1475 1119 in
1502 1095 1548 1120 eo

168 1166 204 1197 15
226 1148 503 1199 parsimoniam
542 1147 657 1185 huius
699 1146 864 1197 paginae
906 1146 1122 1184 contractio
1165 1145 1367 1196 significat.
1443 1149 1549 1184 Dum

225 1221 313 1251 acta
341 1222 379 1250 et
409 1226 583 1251 rumores
612 1213 673 1250 vel
704 1212 821 1250 etiam
851 1211 883 1249 si
913 1225 990 1261 qua
1017 1218 1121 1250 certa
1150 1211 1273 1250 habes
1303 1212 1353 1250 de
1384 1213 1550 1251 Caesare

225 1285 419 1328 exspecto.
483 1277 649 1316 Litteras
673 1284 712 1315 et
736 1276 821 1315 aliis
848 1284 886 1316 et
912 1275 1125 1326 Pomptino
1148 1277 1198 1315 de
1225 1276 1410 1316 omnibus
1434 1277 1549 1316 rebus

224 1342 429 1393 diligenter
450 1342 572 1381 dabis.

268 1461 310 1496 V
453 1464 523 1497 Scr.
547 1464 704 1495 Venusiae
720 1464 757 1494 iil
769 1468 827 1495 aut
838 1463 923 1506 prid.
941 1463 990 1495 Id.
1008 1464 1088 1495 Mai.
1107 1474 1136 1495 a.
1157 1473 1212 1505 705
1231 1463 1313 1505 (51).

170 1547 210 1570 20
642 1541 817 1572 CICERO
842 1541 1013 1572 ATTICO
1039 1540 1138 1572 SAL.

279 1621 401 1658 Plane
439 1620 550 1658 deest
588 1620 696 1669 quod
735 1619 928 1667 scribam3
975 1632 1067 1656 nam
1105 1631 1178 1656 nec
1217 1619 1326 1668 quod
1364 1619 1587 1657 mandem1

224 1686 354 1725 habeo
386 1685 500 1736 (nihil
534 1685 640 1724 enim
674 1684 991 1735 praetermissum
1026 1683 1113 1733 est),
1147 1697 1221 1722 nec
1255 1684 1364 1733 quod
1398 1697 1551 1721 narrem

226 1751 335 1801 (novi
373 1750 478 1788 enim
510 1749 636 1799 nihil),
669 1763 742 1788 nec
774 1749 931 1787 iocandi
970 1750 1080 1787 locus
1118 1756 1200 1796 est3
1244 1748 1297 1786 ita
1335 1762 1398 1786 me
1430 1749 1552 1786 multa

226 1815 445 1854 sollicitant.
505 1817 679 1853 Tantum
701 1822 833 1852 tamen
854 1814 964 1860 scito,
985 1814 1124 1852 Idibus
1147 1812 1263 1851 Maiis
1284 1826 1356 1851 nos
1377 1813 1552 1851 Venusia

269 1930 289 1958 3
315 1919 340 1948 L
366 1918 439 1949 add.
466 1919 582 1948 Baiter
698 1918 779 1956 fort.
818 1917 984 1948 Mescinio
1128 1917 1149 1945 6
1176 1916 1266 1955 quod
1298 1915 1407 1947 codd.:
1450 1925 1551 1954 quom

228 1962 330 1993 Orelli
437 1963 457 1991 8
481 1963 523 1992 de
541 1961 598 1992 del.
624 1960 813 2001 Wesenberg
915 1971 946 1999 9,
970 1971 1008 1991 10
1031 1964 1069 1990 ut
1085 1970 1180 1998 agam
1200 1960 1334 1999 planius
1352 1959 1550 1989 Lehmann:

227 2011 263 2036 ut
280 2016 322 2035 ne
338 2015 444 2043 angar
466 2005 608 2044 amplius
625 2005 816 2044 [malaspina
832 2015 839 2034 z
863 2005 885 2040 †
897 2008 933 2034 ut
950 2014 1046 2043 agam
1065 2004 1208 2042 amplius
1225 2013 1300 2034 cum
1317 2013 1402 2033 cruce
1419 2003 1548 2041 Miiller,

225 2049 294 2079 sine
309 2059 394 2078 cruce
415 2048 535 2088 Tyrrell
666 2058 702 2086 14
727 2048 892 2078 ducentos
913 2047 961 2084 M,
977 2048 1015 2085 cf.
1034 2045 1183 2076 Nonium
1211 2048 1281 2085 196.
1304 2056 1361 2085 17:
1387 2047 1551 2076 ducentas

232 2091 418 2131 lVesenlserg
509 2101 556 2130 15.
580 2093 619 2121 16
643 2091 824 2130 significat.
872 2091 959 2120 Dum
977 2094 1052 2120 acta
1069 2089 1117 2129 et]
1136 2090 1316 2127 significat.
1366 2089 1551 2119 Dumtaxat

227 2135 384 2174 Illadvi'g:
400 2134 481 2174 sort.
495 2134 674 2173 significat.
714 2135 778 2164 Diu
796 2139 871 2164 acta
888 2139 922 2164 et
1026 2134 1065 2162 16
1080 2133 1131 2163 vel
1150 2134 1250 2163 etiam
1262 2132 1413 2163 Stz'nner:
1435 2132 1547 2163 vellet.

229 2178 298 2209 Iam
310 2178 352 2208 M
437 2187 473 2216 17
498 2178 572 2208 aliis
589 2182 624 2207 et
643 2177 744 2207 Boot:
771 2177 854 2207 alias
872 2175 959 2207 codd.
1015 2176 1134 2206 Totum
1151 2177 1257 2206 locum
1278 2176 1415 2214 (14-17)
1434 2176 1478 2205 ita
1494 2175 1552 2205 dat

236 2221 423 2258 Wesenbmgr
446 2219 717 2250 ducentas—etsi
735 2243 742 2249 .
764 2243 770 2249 .
790 2242 796 2248 .
816 2218 1108 2257 significat-dum
1131 2222 1204 2247 acta
1229 2222 1263 2247 et
1284 2227 1434 2248 rumores
1454 2217 1550 2259 (per-

227 2264 397 2305 scribere)
416 2264 518 2294 vclis:
544 2268 577 2293 et
594 2263 670 2294 iam.
688 2262 715 2292 si
733 2272 819 2300 quac
837 2285 844 2292 .
867 2285 872 2291 .
891 2285 898 2292 .
919 2265 1080 2300 exspecto
1101 2260 1241 2292 litteras.
1259 2266 1292 2290 et
1309 2261 1391 2291 alias
1514 2261 1552 2290 18

228 2307 412 2346 diligenter
436 2305 586 2336 Ernesti:
619 2305 799 2344 diligentes
827 2304 913 2335 nalal.
1046 2313 1083 2333 21
1123 2305 1218 2333 deest
1245 2303 1344 2334 Vict.:
1373 2304 1406 2334 id
1429 2308 1480 2334 cst
1500 2304 1551 2333 M¹

229 2361 281 2383 21,
300 2360 340 2380 22
357 2351 496 2380 alterum
513 2349 604 2389 quod
622 2370 630 2380 .
648 2370 657 2380 .
673 2372 681 2380 .
701 2348 790 2388 quod
806 2348 955 2378 Ernesti:
980 2347 1060 2387 quid
1077 2370 1085 2378 .
1105 2370 1112 2378 .
1136 2372 1141 2378 .
1159 2347 1240 2386 quid
1254 2346 1294 2377 M
1401 2357 1442 2386 23
1468 2347 1550 2377 nihil

228 2393 323 2424 Man.
339 2405 345 2423 :
372 2394 450 2423 mihi
469 2391 511 2422 M

272 2457 335 2479 cic.
354 2457 402 2478 AD
418 2457 492 2479 ATT.
923 2458 926 2461 ·
1426 2444 1468 2474 10
