1817 2832
153 139 200 176 V.
226 138 272 176 xi
621 141 677 178 M.
709 140 878 178 TVLLI
910 139 1219 179 CICERONIS

250 263 372 289 meae.
424 251 546 300 Quod
574 258 761 301 superest,
785 249 816 290 si
836 264 972 290 verum
993 250 1090 291 illud
1120 260 1178 292 est
1198 252 1368 304 οἷαπερὴ
1395 253 1580 300 δέσποινα,

251 323 355 354 certe
375 317 676 366 permanebunt.
736 316 847 355 Nihil
874 317 980 356 enim
1000 331 1023 356 a
1044 332 1107 356 me
1134 318 1215 357 fieri
1243 318 1296 357 ita
1321 319 1512 358 videbunt
1539 326 1582 357 ut

251 380 325 419 sibi
364 380 412 419 sit
450 380 710 431 delinquendi
743 383 865 420 locus.
924 382 992 421 Sin
1032 382 1073 421 id
1110 396 1248 432 parum
1282 384 1480 433 profuerit,
1516 385 1583 423 fiet

250 446 399 496 aliquid
419 460 442 485 a
462 447 578 486 nobis
599 447 780 486 severius.
832 449 937 486 Nam
957 449 1089 487 adhuc
1110 449 1270 487 lenitate
1290 451 1425 488 dulces
1447 463 1582 488 sumus

251 519 300 558 et,
337 519 378 549 ut
412 525 536 562 spero,
574 512 802 563 proficimus
840 513 1098 564 aliquantum.
1158 515 1236 553 Sed
1275 528 1348 565 ego
1386 516 1499 562 hanc,
1540 522 1619 558 ut5

251 576 371 615 Siculi
410 577 557 625 dicunt,
601 580 745 625 ἀνεξίαν
782 578 823 617 in
866 593 991 617 unum
1036 593 1186 618 annum
1231 579 1443 618 meditatus
1482 593 1580 619 sum.

251 642 423 681 Proinde
442 656 575 693 pugna
595 658 655 692 ne,
680 644 711 683 si
733 644 828 695 quid
849 652 1102 695 prorogatum
1124 645 1183 692 sit,
1206 644 1327 695 turpis
1349 644 1534 683 inveniar.

203 711 231 749 6
305 709 424 746 Nunc
450 710 570 748 redeo
590 711 641 748 ad
668 723 770 760 quae
792 709 889 748 mihi
917 712 1092 749 mandas.
1152 710 1216 749 †in
1237 709 1443 760 praefectis
1471 723 1582 748 excu-

250 773 349 812 satio
370 773 450 820 iis†‚
475 787 574 824 quos
595 776 704 814 voles
725 776 887 814 deserto.
949 777 1042 814 Non
1063 789 1130 813 ero
1157 783 1236 813 tam
1263 776 1441 826 μετέωρος
1461 788 1580 824 quam

250 838 289 876 in
328 839 526 889 Appuleio
565 840 630 878 fui.
695 843 905 879 Xenonem
945 848 1025 878 tam
1064 840 1186 890 diligo
1224 854 1343 890 quam
1382 848 1435 888 tu,
1472 841 1581 890 quod
1603 852 1642 874 10

249 903 378 953 ipsum
417 904 560 943 sentire
600 912 707 944 certo
746 905 839 944 scio.
916 906 1038 955 Apud
1079 907 1289 944 Patronem
1335 913 1373 945 et
1411 905 1582 956 reliquos

249 969 416 1007 barones
448 976 486 1007 te
521 968 561 1007 in
591 970 762 1008 maxima
789 969 911 1020 gratia
944 970 1058 1020 posui
1089 978 1127 1009 et
1157 972 1315 1010 hercule
1346 971 1484 1010 merito
1514 978 1582 1009 tuo

249 1033 334 1071 feci.
394 1035 499 1072 Nam
534 1034 630 1072 mihi
667 1037 766 1073 Ister
800 1035 896 1073 dixit
931 1042 968 1073 te
1000 1035 1200 1086 scripsisse
1230 1038 1282 1075 ad
1321 1050 1362 1075 se
1401 1036 1497 1074 mihi
1535 1050 1583 1075 ex

249 1098 351 1136 illius
372 1098 507 1137 litteris
529 1113 609 1138 rem
631 1099 737 1138 illam
762 1114 878 1138 curae
899 1100 1027 1148 fuisse,
1051 1102 1160 1151 quod
1181 1101 1217 1140 ei
1244 1110 1466 1152 pergratum
1487 1109 1578 1140 erat.

250 1166 328 1203 Sed
349 1179 438 1203 cum
462 1167 578 1204 Patro
599 1179 756 1204 mecum
777 1165 918 1216 egisset
939 1174 980 1204 ut
1001 1175 1174 1216 peterem
1195 1181 1218 1206 a
1233 1176 1361 1206 vestro
1383 1167 1580 1217 Ariopago
1605 1178 1639 1209 ¹5

248 1232 584 1280 ὑπομνηματισμὸν
613 1232 795 1269 tollerent
828 1245 947 1281 quem
982 1234 1241 1282 Polycharmo
1275 1240 1452 1283 praetore
1484 1234 1582 1270 fece-

249 1303 344 1343 rant,
372 1296 621 1335 commodius
651 1296 779 1334 visum
806 1304 865 1335 est
892 1304 930 1335 et
956 1298 1115 1336 Xenoni
1137 1306 1175 1336 et
1202 1306 1291 1348 post
1320 1298 1393 1348 ipsi
1423 1297 1581 1336 Patroni

250 1375 312 1399 me
340 1363 391 1400 ad
423 1361 660 1399 Memmium
692 1362 870 1409 scribere,
902 1362 969 1412 qui
998 1363 1124 1413 pridie
1154 1377 1273 1414 quam
1303 1377 1376 1413 ego
1404 1364 1580 1401 Athenas

249 1426 337 1465 veni
360 1427 571 1476 Mytilenas
602 1429 798 1477 profectus
820 1435 910 1474 erat,
935 1436 977 1466 ut
1005 1428 1035 1466 is
1056 1430 1106 1466 ad
1135 1442 1227 1467 suos
1252 1428 1436 1467 scriberet
1463 1441 1579 1478 posse

248 1491 287 1530 id
309 1505 379 1530 sua
399 1493 600 1530 voluntate
624 1492 717 1530 fieri.
777 1494 871 1531 Non
892 1492 998 1532 enim
1028 1493 1235 1532 dubitabat
1262 1496 1378 1533 Xeno
1406 1493 1501 1543 quin
1527 1493 1578 1531 ab
1600 1509 1637 1530 20

249 1556 485 1607 Ariopagitis
507 1556 629 1595 invito
649 1557 843 1596 Memmio
862 1557 1059 1608 impetrari
1076 1572 1157 1597 non
1173 1566 1316 1609 posset.
1362 1547 1578 1597 Memmius

248 1630 379 1660 autem
411 1622 647 1660 aedificandi
682 1622 890 1660 consilium
930 1623 1151 1671 abiecerat3
1199 1625 1268 1662 sed
1300 1631 1380 1662 erat
1420 1623 1579 1661 Patroni

248 1686 376 1724 iratus.
437 1688 577 1736 Itaque
611 1686 746 1737 scripsi
777 1688 828 1726 ad
867 1701 959 1726 eum
991 1696 1196 1737 accurate3
1244 1688 1354 1727 cuius
1389 1687 1579 1738 epistulae

248 1752 335 1790 misi
355 1753 406 1790 ad
428 1760 465 1790 te
485 1754 721 1802 exemplum.

206 1828 228 1867 7
303 1818 365 1854 Tu
385 1817 502 1855 velim
531 1817 669 1855 Piliam
698 1817 793 1856 meis
818 1818 945 1857 verbis
973 1821 1186 1858 consolere.
1248 1818 1442 1857 Indicabo
1471 1818 1577 1856 enim
1599 1834 1636 1866 25

248 1881 329 1928 tibi,
364 1888 405 1919 tu
440 1881 492 1919 illi
526 1882 622 1920 nihil
655 1882 806 1921 dixeris.
868 1884 1017 1934 Accepi
1048 1884 1278 1923 fasciculum
1310 1884 1350 1922 in
1386 1898 1466 1934 quo
1497 1891 1578 1922 erat

247 1946 414 1996 epistula
449 1947 579 1985 Piliae.
640 1948 809 1994 Abstuli‚
846 1949 990 1998 aperui,
1033 1949 1118 1999 legi.
1178 1951 1304 1988 Valde
1339 1949 1481 1999 scripta
1519 1955 1578 1987 est

247 2012 459 2062 συμπαθῶς.
521 2012 731 2050 Brundisio
754 2027 854 2062 quae
876 2013 945 2051 tibi
967 2013 1156 2064 epistulae
1177 2014 1354 2053 redditae
1381 2021 1471 2052 sunt
1492 2013 1577 2052 sine

289 2116 311 2145 6
335 2115 441 2146 Siculi
461 2115 666 2146 Gronovius:
693 2115 818 2155 singuli
845 2116 886 2146 M
972 2116 1104 2155 ἀναξίαν
1125 2118 1182 2148 (sc.
1204 2116 1388 2157 βασιλείαν)
1405 2117 1492 2148 Reid
1504 2117 1572 2149 coll.

245 2159 361 2190 Acsclz.
380 2160 479 2199 Frag.
495 2171 515 2199 9
535 2162 579 2199 (z
592 2162 654 2197 283
672 2160 801 2194 Nauck)
947 2161 967 2190 8
993 2161 1025 2190 in
1044 2161 1227 2199 praesectis
1245 2162 1467 2191 excusandis:
1491 2172 1577 2200 quos

246 2203 405 2243 fllmlvz'g:
442 2204 475 2233 in
510 2204 699 2242 praesect'sv
731 2204 765 2233 ni
792 2214 834 2233 ex
863 2214 964 2234 causa
994 2205 1119 2243 negoti,
1151 2205 1177 2234 si
1208 2215 1291 2243 quos
1318 2205 1500 2235 lllarslzall:
1541 2205 1575 2236 in

246 2246 430 2286 praesectis
459 2247 654 2277 excusatio:
692 2247 731 2277 iis
755 2258 840 2286 quos
871 2247 1012 2286 Tyrnll:
1053 2249 1197 2277 *Sensus
1221 2249 1279 2278 l10c
1292 2249 1363 2287 sere
1389 2249 1519 2288 wqm'rt'l
1541 2248 1575 2278 in

247 2291 471 2330 praefecturis
496 2291 649 2329 exceptis
677 2291 959 2329 negotiatoribus,
987 2301 1071 2329 quos
1094 2292 1158 2331 [chl
1174 2294 1272 2330 quot‘]
1287 2291 1294 2303 '
1316 2292 1419 2322 Orelli
1436 2292 1500 2323 soll.
1520 2302 1573 2323 21.

250 2335 405 2373 Iozforl.
433 2335 459 2363 si
487 2335 666 2373 praesectis
692 2335 866 2364 excusatio
891 2335 944 2372 sit,
974 2345 1060 2373 quos
1196 2345 1233 2374 13
1261 2335 1348 2365 Ister
1377 2335 1576 2366 Lelmnum:

247 2378 297 2408 his
317 2382 368 2407 ter
384 2378 471 2409 codd.
488 2390 494 2409 ε
520 2378 548 2408 is
566 2383 617 2407 ter
634 2377 747 2407 Baiter
876 2388 914 2407 21
944 2377 1137 2417 Memmius]
1160 2378 1250 2408 Hinc
1273 2389 1396 2409 novam
1421 2379 1578 2418 int-ipsunt

245 2426 291 2461 cs).
321 2420 407 2452 codd.
564 2432 604 2460 27
630 2421 764 2452 Abstuli
789 2422 897 2462 vulg-2
941 2421 1036 2452 attuli
1066 2420 1106 2451 M
1136 2422 1221 2453 uncle
1249 2421 1334 2452 Boot
1363 2423 1405 2453 ad
1432 2422 1574 2453 Tulliam

244 2465 353 2495 conicit
