1817 2832
170 114 266 152 VII.
284 113 392 151 xviii
652 113 707 150 M.
740 112 909 149 TVLLI
941 112 1248 152 CICERONIS

285 226 452 263 alterum
473 224 721 262 consulatum
741 236 765 261 a
785 236 825 261 re
844 222 1003 273 publica
1023 237 1074 262 ne
1103 224 1196 263 data
1215 223 1378 275 quidem
1405 225 1615 265 occasione

286 289 539 340 reppulimus.
599 290 677 327 Sed
698 290 795 327 haec
816 290 1016 327 hactenus.

243 369 268 406 3
344 356 406 393 De
428 354 621 403 Dionysio
641 353 737 403 fugit
759 368 821 392 me
850 356 901 392 ad
929 362 967 392 te
995 362 1111 394 antea
1133 355 1303 394 scribere
1318 370 1328 404 ς
1357 358 1427 395 sed
1447 356 1499 396 ita
1527 370 1620 396 con-

288 419 406 466 stitui,
439 426 664 468 exspectare
693 432 880 468 responsa
910 420 1100 466 Caesaris,
1132 427 1187 468 ut,
1217 420 1249 458 si
1276 421 1327 459 ad
1354 422 1492 459 urbem
1522 421 1620 459 redi-

287 497 428 530 remus,
458 484 514 522 ibi
545 497 617 522 nos
647 492 899 533 exspectaret,
926 484 986 522 sin
1016 484 1164 523 tardius
1194 485 1234 524 id
1264 486 1384 533 fieret,
1414 494 1498 524 tum
1528 499 1619 524 eum
1640 490 1657 522 5

287 561 582 587 arcesseremus.
644 548 821 587 Omnino
846 548 941 598 quid
969 548 1033 587 ille
1062 551 1189 588 facere
1216 550 1396 589 debuerit
1423 550 1462 588 in
1490 558 1622 589 nostra

288 612 354 650 illa
382 614 483 663 fuga,
510 612 606 663 quid
633 614 753 651 docto
780 613 942 652 homine
969 621 1007 652 et
1033 614 1163 653 amico
1192 614 1355 665 dignum
1383 615 1508 662 fuerit,
1531 629 1620 653 curn

290 677 517 728 praesertim
547 685 702 727 rogatus
733 685 844 724 esset,
872 677 964 724 scio,
989 679 1058 716 sed
1083 679 1181 717 haec
1208 693 1288 717 non
1317 679 1433 717 nimis
1461 679 1622 729 exquiro

290 756 313 781 a
343 742 513 781 Graecis.
572 744 635 780 Tu
666 750 797 780 tamen
827 742 990 790 videbis,
1023 742 1054 781 si
1084 743 1164 791 erit,
1198 745 1307 794 quod
1337 744 1470 791 nolim,
1500 757 1623 782 arces-

291 809 448 854 sendus,
472 821 522 846 ne
543 807 697 846 molesti
719 808 840 845 simus
861 807 994 846 invito.
1645 819 1684 841 10

244 882 271 919 4
346 872 519 921 Quintus
558 874 673 910 frater
710 873 861 911 laborat
895 880 937 910 ut
971 872 1042 911 tibi
1074 874 1184 923 quod
1218 873 1337 912 debet
1371 874 1422 911 ab
1455 872 1624 923 Egnatio

293 938 416 975 solvat
432 952 441 984 3
471 951 544 975 nec
562 937 731 987 Egnatio
751 939 933 976 voluntas
963 939 1073 976 deest
1101 952 1175 976 nec
1195 952 1333 988 parum
1355 940 1531 988 locuples
1552 945 1621 985 est,

293 1003 363 1041 sed
392 1016 483 1040 cum
514 1004 590 1040 tale
620 1010 775 1052 tempus
803 1002 851 1040 sit
875 1010 918 1041 ut
945 1004 994 1051 Q.
1017 1003 1188 1041 Titinius
1215 1005 1400 1053 (multum
1431 1003 1536 1042 enim
1567 1011 1626 1042 est

293 1067 519 1117 nobiscum)
550 1067 736 1105 viaticum
771 1081 813 1106 se
842 1075 958 1117 neget
987 1068 1133 1106 habere
1162 1068 1349 1118 idemque
1380 1068 1625 1107 debitoribus

293 1132 372 1171 suis
393 1132 633 1171 denuntiarit
654 1140 695 1170 ut
717 1134 858 1170 eodem
880 1134 1038 1171 faenore
1055 1141 1401 1183 uterentur‚atque
1422 1135 1498 1171 hoc
1519 1133 1624 1171 idem
1648 1141 1684 1173 Ι5

294 1198 411 1237 etiam
443 1199 484 1236 L.
511 1197 630 1248 Ligus
659 1197 798 1236 fecisse
828 1197 990 1245 dicatur,
1013 1211 1087 1236 nec
1114 1199 1191 1236 hoc
1219 1205 1396 1248 tempore
1422 1205 1489 1236 aut
1516 1197 1626 1235 domi

293 1276 479 1301 nummos
502 1263 674 1312 Quintus
701 1263 845 1300 habeat
871 1270 939 1300 aut
963 1262 1114 1312 exigere
1138 1263 1189 1301 ab
1217 1262 1386 1312 Egnatio
1413 1270 1479 1300 aut
1500 1276 1627 1300 versu-

294 1341 376 1366 ram
398 1341 566 1377 usquam
587 1328 713 1365 facere
734 1326 869 1376 possit,
888 1326 1048 1365 miratur
1068 1334 1106 1365 te
1127 1341 1207 1366 non
1229 1327 1413 1366 habuisse
1435 1327 1625 1366 rationem

295 1392 411 1431 huius
427 1392 610 1443 publicae
637 1391 887 1431 difficultatis.
948 1394 1034 1442 Ego
1053 1400 1187 1431 autem
1215 1391 1286 1430 etsi
1311 1392 1409 1430 illud
1430 1392 1626 1443 ψευδησιό-

296 1458 391 1497 δειον
412 1457 482 1509 (ita
510 1457 616 1496 enim
647 1456 821 1508 putatur)
846 1457 1014 1495 observo
1037 1458 1150 1508 ιμηδὲ
1180 1457 1305 1507 δίκην,’
1332 1457 1559 1507 praesertim
1588 1456 1628 1494 in
1650 1468 1689 1490 20

295 1531 334 1562 te
354 1537 376 1562 a
397 1537 476 1573 quo
496 1523 593 1561 nihil
610 1537 800 1573 umquam
816 1522 895 1561 vidi
916 1530 1063 1562 temere
1079 1523 1170 1570 fieri,
1195 1531 1328 1561 tamen
1348 1522 1450 1561 illius
1471 1523 1630 1573 querela

297 1588 494 1627 movebar.
554 1589 648 1626 Hoc
669 1587 859 1637 quicquid
880 1595 938 1626 est
959 1595 997 1626 te
1019 1588 1116 1626 scire
1136 1587 1252 1626 volui.

341 1704 453 1739 XIX
555 1706 622 1738 Ser.
644 1708 678 1738 in
695 1707 877 1738 Formiano
894 1709 931 1738 iz'z'
943 1707 1031 1739 Non.
1049 1708 1139 1738 Febr.
1160 1718 1191 1739 a.
1211 1717 1265 1747 705
1283 1707 1369 1747 (49).

770 1785 946 1816 CICERO
971 1785 1153 1816 ATTICO.

353 1863 462 1903 Nihil
489 1863 618 1902 habeo
639 1864 748 1913 quod
768 1865 819 1902 ad
840 1871 878 1901 te
899 1862 1066 1901 scribam
1087 1862 1155 1912 qui
1176 1861 1293 1900 etiam
1315 1875 1401 1900 eam
1423 1860 1629 1911 epistulam
1652 1872 1689 1904 25

299 1943 418 1980 quam
450 1943 555 1968 eram
587 1930 838 1968 elucubratus
870 1930 920 1967 ad
956 1937 993 1967 te
1028 1943 1108 1967 non
1143 1928 1333 1967 dederim.
1393 1929 1486 1965 Erat
1525 1926 1630 1964 enim

299 1998 416 2046 plena
445 1995 527 2045 spei
557 1995 698 2042 bonae,
722 1996 830 2044 quod
861 2003 898 2033 et
929 1993 1125 2032 contionis
1154 1995 1398 2031 voluntatem
1428 1991 1631 2030 audieram

299 2069 337 2099 et
369 2061 477 2099 illum
508 2060 811 2098 condicionibus
844 2073 1005 2097 usurum
1038 2059 1238 2108 putabam,
1274 2056 1500 2107 praesertim
1537 2055 1628 2094 suis.

301 2127 407 2164 Ecce
428 2125 497 2163 tibi
524 2138 569 2162 111
600 2127 737 2163 Nonas
766 2126 878 2163 Febr.
902 2138 1018 2162 mane
1044 2122 1179 2173 accepi
1209 2122 1355 2160 litteras
1383 2129 1477 2167 tuas,
1503 2119 1631 2158 Philo-

300 2190 393 2237 timi,
419 2190 548 2236 Furni,
566 2190 748 2229 Curionis
769 2191 820 2228 ad
841 2188 1041 2235 Furnium,
1066 2188 1208 2238 quibus
1230 2186 1371 2225 inridet
1393 2187 1434 2223 L.
1453 2184 1631 2224 Caesaris
1652 2194 1690 2225 30

343 2297 363 2326 8
388 2296 458 2326 scio
487 2289 798 2326 CZlNOPFAnt.:
826 2304 891 2323 om.
914 2292 954 2322 M
1044 2302 1080 2330 17
1110 2291 1251 2330 exigere
1273 2290 1315 2320 I:
1342 2290 1436 2319 exire
1463 2288 1504 2318 Μ
1590 2297 1628 2317 21

301 2339 388 2369 illius
404 2339 525 2379 .vulg.:
564 2339 596 2368 in
626 2338 715 2367 illius
741 2337 862 2368 Klotz:
901 2336 1026 2367 nullius
1047 2334 1088 2364 M
1291 2343 1332 2372 25
1356 2333 1413 2371 qui
1442 2331 1469 2361 L
1498 2342 1630 2372 marg:

299 2384 381 2421 quin
407 2382 447 2412 M
576 2383 618 2411 26
648 2381 724 2411 dedi
753 2379 811 2410 ΜΨῙ
