1817 2832
169 129 240 168 VI.
264 130 278 167 i

242 1360 267 1398 3

651 134 706 170 M.
740 133 909 170 TVLLI
940 133 1248 173 CICERONIS

280 255 362 279 non
392 242 557 281 libenter
583 242 689 281 videt
719 243 789 281 sed
817 244 938 281 modo
965 251 1177 291 suscenset,
1209 246 1329 284 modo
1356 244 1495 295 gratias
1522 244 1611 294 agit.

282 306 391 345 Nihil
423 307 529 345 enim
563 321 586 345 a
620 321 683 346 me
718 309 760 346 fit
791 321 882 346 cum
914 310 993 346 ulla
1026 308 1128 347 illius
1160 310 1425 359 contumelia3
1458 318 1613 349 tanturn

281 374 403 410 modo
424 372 705 411 dissimilitudo
726 387 838 412 meae
862 374 1021 412 rationis
1043 374 1208 413 offendit
1228 376 1442 414 hominem.
1503 375 1613 425 Quid

280 436 386 475 6111111
421 445 550 487 potest
583 451 668 476 esse
703 445 783 476 tam
822 438 1011 477 dissimile
1046 452 1164 488 quarn
1204 439 1270 478 illo
1305 440 1520 490 imperante
1554 454 1615 479 ex-

280 503 460 541 haustam
489 517 573 542 esse
604 504 826 554 sumptibus
856 512 894 543 et
922 505 1078 543 iacturis
1105 505 1362 555 provinciam,
1383 506 1498 545 nobis
1525 520 1613 545 eam

281 568 553 607 obtinentibus
580 583 788 607 nummum
817 572 968 608 nullum
993 585 1078 609 esse
1105 579 1307 621 erogatum
1334 585 1408 610 nec
1434 571 1614 621 privatim

281 647 354 671 nec
385 634 573 684 publice?
621 635 730 683 Quid
762 635 892 674 dicam
924 637 974 675 de
1009 636 1109 675 illius
1142 637 1357 686 praefectis,
1390 637 1615 685 comitibus)

281 699 416 748 legatis
447 700 594 738 etiarn?
633 702 682 739 de
713 701 871 751 rapinis,
897 703 947 740 de
981 701 1225 750 libidinibus,
1253 704 1303 741 de
1337 703 1616 741 contumeliis?

282 765 402 803 Nunc
435 773 567 803 autem
602 767 745 805 domus
780 780 843 805 me
877 768 1035 805 hercule
1070 769 1177 805 nulla
1210 775 1320 806 tanto
1351 767 1516 806 consilio
1547 775 1615 806 aut

282 837 390 868 tanta
428 830 636 881 disciplina
673 832 912 881 gubernatur
949 840 1016 870 aut
1055 840 1135 871 tam
1179 834 1359 871 modesta
1399 841 1456 871 est
1495 846 1613 883 quam

282 902 415 933 nostra
439 903 521 933 tota
541 896 752 946 provincia.
815 899 929 936 Haec
956 911 1037 936 non
1065 897 1161 936 nulli
1187 897 1304 936 amici
1324 898 1431 948 Appi
1452 898 1615 937 ridicule

282 960 585 1011 interpretantur
617 962 683 1012 qui
715 976 777 1001 me
812 962 959 1002 idcirco
988 971 1127 1014 putent
1154 963 1256 1002 bene
1286 963 1421 1002 audire
1448 965 1546 1002 velle
1573 971 1616 1002 ut

283 1026 347 1064 ille
375 1028 476 1065 male
503 1026 647 1074 audiat,
672 1036 710 1066 et
734 1036 838 1066 recte
865 1030 992 1067 facere
1019 1043 1100 1067 non
1128 1042 1238 1067 meae
1265 1029 1392 1068 laudis
1417 1030 1487 1068 sed
1514 1029 1616 1067 illius

283 1092 547 1130 contumeliae
576 1106 704 1131 causa.
764 1093 832 1132 Sin
856 1094 1024 1144 Appius,
1048 1102 1089 1132 ut
1120 1094 1230 1132 Bruti
1260 1094 1409 1133 litterae
1438 1108 1535 1145 quas
1564 1095 1615 1133 ad

283 1164 321 1195 te
351 1157 455 1195 misit
483 1157 766 1208 significabant,
795 1159 936 1208 gratias
963 1159 1078 1198 nobis
1105 1159 1183 1209 agit
1214 1173 1295 1198 non
1325 1161 1489 1198 moleste
1519 1162 1610 1206 fero,

284 1223 353 1261 sed
388 1230 520 1261 tamen
552 1237 600 1261 eo
634 1223 720 1273 ipso
754 1224 819 1263 die
850 1238 931 1274 quo
965 1226 1062 1263 haec
1095 1233 1187 1264 ante
1220 1226 1348 1264 lucem
1381 1225 1614 1273 scribebam,

285 1287 507 1337 cogitabam
534 1288 617 1327 eius
645 1291 769 1327 multa
794 1289 928 1339 inique
953 1290 1167 1328 constituta
1192 1298 1230 1329 et
1255 1298 1342 1329 acta
1368 1292 1514 1329 tollere.

340 1355 459 1392 Nunc
480 1353 596 1392 venio
616 1355 667 1392 ad
690 1356 854 1392 Brutum
880 1368 998 1405 quem
1024 1369 1096 1405 ego
1117 1355 1226 1394 omni
1248 1355 1379 1394 studio
1401 1364 1438 1393 te
1458 1363 1617 1394 auctore

284 1431 371 1456 sum
393 1420 632 1469 complexus,
656 1432 775 1469 (1116111
797 1419 914 1458 etiam
938 1434 1069 1458 amare
1090 1434 1298 1471 coeperam
1313 1436 1322 1469 3
1353 1422 1422 1460 sed
1443 1420 1533 1459 ilico
1554 1434 1617 1459 me

283 1483 471 1531 revocavi,
489 1498 538 1522 ne
560 1492 597 1522 te
617 1485 869 1523 offenderem.
921 1484 1015 1523 Noli
1036 1484 1141 1523 6111111
1162 1493 1298 1536 putare
1320 1500 1383 1524 me
1404 1485 1615 1536 quicquam
1638 1502 1652 1523 2

283 1549 466 1587 maluisse
500 1563 619 1599 quam
654 1558 696 1588 ut
726 1550 922 1588 mandatis
957 1550 1048 1588 satis
1084 1552 1252 1589 facerem
1287 1565 1360 1589 nec
1391 1553 1468 1589 ulla
1498 1553 1548 1590 de
1578 1565 1617 1590 re

282 1615 369 1663 plus
402 1615 608 1652 laborasse.
675 1616 957 1653 Mandatorum
989 1623 1121 1653 autem
1158 1616 1253 1653 mihi
1286 1616 1462 1654 libellum
1494 1616 1614 1662 dedit,

282 1678 488 1728 isdemque
513 1681 562 1717 de
587 1680 703 1717 rebus
728 1687 768 1716 tu
792 1693 947 1717 mecum
975 1694 1117 1730 egeras.
1178 1680 1325 1720 Omnia
1349 1694 1435 1718 sum
1457 1680 1618 1730 diligen-

282 1743 430 1782 tissime
451 1752 688 1793 persecutus.
744 1744 919 1782 Primum
940 1745 990 1783 ab
1007 1745 1270 1784 Ariobarzane
1290 1745 1345 1784 sic
1365 1745 1553 1783 contendi
1574 1753 1616 1784 ut

282 1810 428 1847 talenta
459 1823 559 1858 quae
594 1808 689 1846 mihi
721 1809 980 1859 pollicebatur
1007 1811 1060 1849 illi
1091 1813 1210 1850 daret.
1282 1812 1427 1860 Quoad
1458 1825 1614 1849 mecum

281 1888 347 1912 rex
373 1874 455 1921 fuit,
479 1875 657 1924 perbono
684 1876 772 1913 loco
800 1890 859 1914 res
885 1884 990 1924 erat3
1020 1884 1109 1926 post
1132 1890 1155 1914 a
1176 1876 1341 1926 Pompei
1362 1876 1617 1926 procuratori-

281 1941 355 1978 bus
388 1939 574 1977 sescentis
606 1940 729 1990 premi
765 1949 928 1992 coeptus
959 1950 1026 1980 est.
1087 1942 1301 1991 Pompeius
1332 1950 1463 1980 autem
1494 1955 1615 1992 quom

283 2005 335 2043 ob
362 2012 510 2043 ceteras
537 2018 674 2043 causas
695 2008 782 2056 plus
804 2014 932 2056 potest
954 2020 1055 2045 unus
1076 2021 1195 2057 quam
1220 2006 1338 2045 ceteri
1358 2020 1507 2053 omnes,
1532 2014 1615 2044 tum

282 2072 391 2120 quod
407 2078 564 2120 putatur
584 2072 634 2109 ad
656 2072 803 2110 bellum
823 2072 1047 2110 Parthicum
1069 2085 1153 2110 esse
1170 2079 1365 2109 venturus.
1419 2071 1465 2109 Ei
1483 2079 1614 2110 tamen

283 2135 337 2174 sic
354 2149 460 2174 nunc
480 2136 652 2184 solvitur,
673 2137 871 2176 tricesimo
891 2150 1050 2188 quoque
1071 2137 1135 2176 die
1156 2139 1301 2175 talenta
1321 2136 1454 2175 Attica
1473 2149 1612 2174 xxxm

327 2241 347 2270 8
370 2241 492 2280 legatis
513 2242 634 2272 etiam2
661 2242 701 2271 de
727 2240 935 2281 lvVeseuberg:
970 2240 1114 2280 legatis?
1139 2242 1241 2271 etiam
1266 2242 1307 2272 de
1327 2240 1443 2271 Baiter
1576 2250 1613 2278 19

283 2285 358 2315 ilico
376 2296 393 2316 s
409 2285 579 2316 Faernus:
606 2285 681 2315 dico
699 2285 755 2315 M:
783 2286 907 2316 idcirco
923 2284 1041 2314 Kalmt
1055 2296 1062 2315 z
1077 2285 1159 2323 sort.
1179 2286 1219 2314 (16
1237 2296 1277 2315 60
1426 2295 1475 2323 19,
1492 2295 1534 2315 20
1559 2294 1612 2314 1116

285 2329 438 2359 revocavi
458 2332 499 2359 Σ;
528 2328 681 2358 revocavi
711 2337 763 2357 me
790 2331 817 2356 Δ
929 2337 965 2357 21
996 2328 1162 2358 mandatis
1179 2329 1260 2358 satis
1279 2328 1425 2359 facerem
1443 2328 1519 2357 M2:
1544 2338 1610 2358 om.

283 2372 365 2401 satis
392 2371 442 2401 M¹
462 2382 469 2402 t
495 2372 668 2401 mandarat
686 2371 723 2402 is.
744 2370 853 2400 facere
870 2369 1000 2400 Ernesti
1127 2381 1169 2410 24
1195 2373 1245 2413 ut]
1271 2376 1307 2402 ut
1323 2382 1385 2402 sex
1403 2370 1512 2412 (ενι)
1530 2371 1608 2402 coni.

290 2414 427 2454 Tyrrcll:
442 2415 523 2454 sort.
545 2418 579 2444 ut
597 2420 731 2445 centum
747 2413 785 2454 cs
806 2423 835 2452 3.
856 2422 875 2452 5

1637 848 1675 870 10

1636 1825 1675 1858 25

1635 2151 1675 2183 30
