1817 2832
639 145 752 183 EPP.
782 145 861 182 AD
891 143 1150 182 ATTICVM
1518 141 1598 180 V.i

231 257 305 295 Ille
328 255 384 294 sic
410 254 505 296 dies.
565 255 759 294 Postridie
785 269 832 294 ex
852 253 1031 305 Arpinati
1051 253 1215 304 profecti
1239 267 1384 292 sumus.
1443 255 1496 291 Vt
1517 252 1557 291 in

229 323 389 360 Arcano
418 320 591 369 Quintus
620 327 795 358 maneret
823 319 908 358 dies
936 318 1037 365 fecit,
1064 332 1138 368 ego
1161 318 1320 368 Aquini,
1350 319 1419 357 sed
1448 331 1558 368 pran-

230 385 361 424 dimus
384 384 425 423 in
440 387 608 423 Arcano.
669 384 785 422 Nosti
812 385 918 422 hunc
946 385 1124 421 fundum.
1188 384 1280 431 Quo
1305 391 1347 421 ut
1367 383 1554 429 venimus,

230 449 515 487 humanissime
533 449 705 498 Quintus
725 452 732 468 ‘
747 448 988 497 Pomponia'
1005 447 1131 497 inquit
1151 451 1212 485 ‘tu
1230 447 1349 485 invita
1365 447 1556 494 mulieres,

195 526 211 557 5
231 528 304 564 ego
320 514 422 553 viros
442 514 642 552 acciver0.’
691 513 801 551 Nihil
821 512 959 562 potuit,
978 512 1075 550 mihi
1096 512 1257 562 quidem
1279 519 1321 550 ut
1340 512 1466 550 visum
1487 519 1556 560 est,

231 578 385 617 dulcius
415 578 535 628 idque
564 591 655 616 cum
679 577 808 616 verbis
833 585 917 615 tum
947 577 1066 615 etiam
1095 577 1229 616 animo
1255 591 1301 615 ac
1328 578 1448 615 vultu.
1506 579 1560 615 At

231 642 297 680 illa
324 642 576 681 audientibus
605 641 721 680 nobis
745 643 852 691 ‘Ego
878 640 963 690 ipsa
990 642 1098 679 sum'
1119 640 1246 690 inquit
1270 641 1356 679 ‘hic
1382 641 1561 691 hospita‚'

232 706 273 745 id
304 715 436 745 autem
471 720 518 745 ex
550 720 610 753 eo,
641 713 684 744 ut
720 705 871 756 opinor,
902 707 1011 755 quod
1048 712 1312 743 antecesserat
1343 705 1485 744 Statius
1519 713 1562 744 ut

232 772 442 822 prandium
476 771 591 810 nobis
622 770 781 809 videret.
839 772 945 808 Tum
976 770 1148 819 Quintus
1180 771 1288 808 ‘En'
1315 769 1442 820 inquit
1465 770 1562 808 mihi

176 852 214 874 10
236 838 358 875 ‘haec
403 850 474 887 ego
521 835 647 886 patior
691 835 860 874 cotidie.’
928 835 1047 873 Dices
1089 835 1226 883 ‘Quid
1267 848 1415 885 quaeso
1462 835 1561 874 istuc
1579 843 1607 882 4

234 902 364 940 erat?'
413 903 605 952 Magnum
622 914 632 948 3
665 900 798 950 itaque
829 914 893 938 me
926 900 1055 949 ipsum
1087 907 1378 947 commoverat3
1413 899 1467 938 sic
1497 901 1563 939 ab·

233 967 350 1005 surde
380 973 418 1005 et
446 980 581 1016 aspere
609 965 736 1004 verbis
764 966 954 1014 vultuque
983 966 1248 1014 responderat.
1310 965 1563 1004 Dissimulavi

233 1033 383 1070 dolens.
435 1031 720 1070 Discubuimus
740 1043 878 1068 omnes
899 1037 1051 1080 praeter
1070 1029 1191 1078 illam,
1207 1029 1271 1068 cui
1291 1037 1423 1069 tamen
1441 1031 1564 1080 Quin-

234 1104 295 1135 tus
320 1098 370 1135 de
398 1109 533 1134 mensa
561 1095 675 1133 misit.
736 1096 809 1134 Illa
835 1094 978 1134 reiecit.
1038 1094 1147 1143 Quid
1172 1097 1324 1133 multa?
1353 1095 1448 1133 nihil
1473 1110 1563 1135 meo

176 1174 213 1205 15
234 1163 348 1200 fratre
377 1161 516 1209 lenius,
540 1160 637 1199 nihil
667 1159 841 1210 asperius
870 1167 937 1198 tua
968 1173 1100 1198 sorore
1129 1159 1226 1197 mihi
1253 1159 1379 1198 visum
1410 1168 1467 1199 est
1482 1176 1492 1209 3
1525 1168 1564 1200 et

235 1228 358 1265 multa
377 1234 577 1277 praetereo
605 1239 706 1276 quae
726 1232 810 1264 tum
835 1224 929 1262 mihi
958 1224 1096 1263 maiori
1120 1226 1326 1264 stomacho
1350 1239 1468 1275 quam
1489 1225 1564 1276 ipsi

237 1290 387 1340 Quinto
415 1292 581 1329 fuerunt.
642 1293 727 1340 Ego
754 1289 848 1328 inde
868 1289 1084 1340 Aquinum.
1146 1289 1319 1339 Quintus
1345 1289 1386 1328 in
1405 1292 1563 1329 Arcano

235 1356 422 1396 remansit
448 1364 487 1395 et
506 1356 711 1406 Aquinum
739 1356 789 1394 ad
818 1369 882 1394 me
907 1355 1096 1406 postridie
1122 1369 1237 1394 mane
1256 1355 1363 1393 venit
1387 1355 1563 1405 mihique

236 1421 403 1460 narravit
423 1435 497 1460 nec
521 1434 655 1459 secum
676 1420 782 1459 illam
802 1420 973 1459 dormire
992 1420 1162 1458 voluisse
1181 1426 1218 1458 et
1234 1433 1325 1458 cum
1346 1420 1564 1459 discessura

178 1502 219 1523 20
237 1494 339 1525 esset
358 1485 477 1524 fuisse
496 1486 579 1524 eius
600 1485 709 1523 modi
730 1486 886 1535 qualem
907 1498 980 1534 ego
1000 1484 1196 1523 vidissem.
1254 1485 1361 1533 Quid
1382 1485 1564 1535 quaeris?

236 1552 298 1589 vel
318 1545 489 1601 ipsishoc
508 1549 616 1589 dicas
641 1549 744 1598 licet,
764 1548 1051 1589 humanitatem
1071 1548 1107 1588 ei
1131 1562 1221 1587 meo
1242 1549 1388 1588 iudicio
1413 1549 1480 1589 illo
1499 1550 1564 1590 die

235 1615 417 1656 defuisse.

291 1683 405 1719 Haec
433 1681 484 1719 ad
511 1688 549 1719 te
579 1679 714 1730 scripsi
744 1681 906 1718 fortasse
934 1679 1111 1730 pluribus
1140 1693 1259 1730 quam
1288 1693 1450 1719 necesse
1478 1681 1560 1728 fuit,

235 1753 279 1784 ut
302 1745 453 1784 videres
480 1753 566 1784 tuas
593 1759 752 1795 quoque
779 1759 864 1783 esse
890 1745 1008 1795 partis
1037 1745 1268 1784 instituendi
1297 1753 1335 1784 et
1360 1746 1560 1785 monendi.

180 1825 218 1857 25
238 1811 452 1861 Reliquum
485 1818 543 1849 est
573 1818 616 1848 ut
653 1817 744 1849 ante
776 1824 894 1860 quam
928 1810 1175 1860 proficiscare
1209 1801 1395 1849 mandata
1432 1818 1564 1850 nostra
1581 1821 1607 1861 5

238 1875 450 1923 exhaurias,
474 1876 620 1914 scribas
646 1876 697 1913 ad
725 1889 788 1914 me
813 1875 956 1922 omnia,
980 1875 1236 1925 Pomptinum
1258 1876 1449 1922 extrudas,
1472 1889 1564 1914 cum

238 1943 434 1991 profectus
459 1940 532 1979 eris
553 1953 663 1978 cures
684 1947 726 1978 ut
747 1939 881 1987 sciam,
902 1939 958 1977 sic
978 1940 1124 1977 habeas
1145 1939 1242 1977 nihil
1263 1954 1326 1978 me
1350 1941 1506 1979 hercule
1527 1948 1565 1979 te

238 2005 335 2044 mihi
350 2018 423 2043 nec
440 2004 564 2043 carius
580 2018 664 2043 esse
681 2018 754 2042 nec
770 2003 936 2042 suavius.
978 2006 1024 2042 A.
1037 2006 1283 2054 Torquatum
1299 2005 1565 2044 amantissime

239 2069 369 2109 dimisi
395 2069 631 2117 Menturnis,
651 2069 844 2119 optimum
870 2068 994 2106 virum
1009 2083 1019 2116 3
1048 2068 1112 2107 cui
1139 2082 1202 2107 me
1228 2070 1279 2108 ad
1304 2077 1342 2108 te
1367 2069 1565 2120 scripsisse

178 2150 221 2181 30
239 2134 388 2185 aliquid
407 2134 447 2172 in
467 2147 647 2172 sermone
667 2133 860 2183 significes
880 2133 1008 2172 velim.

286 2249 300 2269 1
327 2239 381 2268 ille
407 2238 455 2268 sic
480 2237 553 2268 dies
576 2236 715 2267 CEOP:
750 2236 805 2266 ille
829 2236 875 2266 sic
896 2236 950 2266 die
973 2235 1082 2267 M¹N:
1109 2236 1166 2267 illo
1187 2238 1235 2268 sic
1258 2237 1312 2268 die
1336 2235 1391 2268 Μ]
1544 2250 1565 2279 4

240 2282 480 2312 humanissime
497 2291 563 2311 om.
583 2279 633 2309 M¹
805 2290 824 2319 5
847 2280 940 2309 viros
956 2280 1109 2310 accivero
1129 2280 1217 2320 vulg.
1237 2292 1243 2311 :
1269 2282 1422 2312 ascivero
1440 2292 1566 2322 pueros

240 2325 296 2355 M¹
311 2337 317 2356 z
343 2334 423 2355 vero
440 2324 591 2354 ascivero
607 2333 732 2362 pueros
749 2322 805 2352 M²
820 2334 827 2353 :
850 2322 941 2353 viros
958 2323 1109 2353 areivero
1127 2322 1245 2355 Lamb.
1449 2337 1466 2365 7
1491 2327 1565 2366 ipsa

241 2372 304 2398 Σεε
328 2378 393 2398 om.
415 2367 455 2397 M
602 2377 641 2405 19
665 2371 699 2396 et
716 2365 789 2397 add.
809 2369 880 2397 vett.
1035 2377 1077 2404 29
1102 2366 1294 2397 Menturnis
1318 2367 1406 2399 codd.
1430 2370 1471 2408 cs.
1494 2370 1561 2402 xvi.

244 2421 292 2442 10.
316 2421 341 2449 1,
362 2411 455 2441 Fam.
475 2410 543 2443 xiv.
567 2419 614 2448 14.
632 2419 650 2439 2
665 2419 671 2438 z
700 2409 885 2440 Minturnis
901 2408 990 2450 vulg.
1039 2409 1119 2440 Post
1132 2410 1309 2450 scripsisse
1326 2411 1401 2443 add.
1422 2413 1463 2443 de
1481 2423 1517 2444 se
1535 2413 1564 2445 L

244 2455 385 2497 (πιανέ.)
