1817 2832
138 126 303 165 V11.xi
629 126 686 163 M.
718 124 887 162 TVLLI
918 121 1225 162 CICERONIS

263 237 406 275 habeat
428 237 644 283 ἐπίσκοπον,
664 236 715 273 ad
736 248 854 284 quem
875 233 1042 273 dilectus
1067 241 1105 271 et
1126 246 1281 271 summa
1306 231 1437 283 negoti
1459 233 1594 271 refera-

263 310 333 340 tur.
395 304 535 351 Itaque
568 313 687 350 vagus
720 313 804 338 esse
836 298 1068 349 cogitabam.
1128 299 1187 336 Te
1226 305 1322 347 puto
1354 298 1431 335 iam
1463 297 1594 335 videre

263 380 364 416 quae
385 366 433 403 sit
455 366 549 416 ὁρμὴ
570 363 760 410 Caesaris,
784 363 851 413 qui
872 364 1052 413 populus,
1077 361 1143 412 qui
1165 362 1285 400 totius
1305 361 1437 411 negoti
1458 369 1590 399 status.

264 432 322 468 Ea
343 430 457 468 velim
480 430 626 468 scribas
645 430 697 467 ad
718 442 781 466 me
801 435 839 466 et
860 427 1033 477 quidem,
1057 427 1245 477 quoniam
1267 426 1471 464 mutabilia
1491 434 1595 471 sunt,

263 509 381 546 quam
414 495 653 546 saepissime.
712 492 936 544 Acquiesco
971 492 1076 531 enim
1116 500 1154 531 et
1192 492 1367 531 scribens
1401 492 1452 530 ad
1485 501 1523 529 te
1558 498 1595 529 et
1616 502 1633 534 5

263 563 396 611 legens
417 568 493 599 tua.

306 709 398 744 XII
548 711 618 743 Ser.
636 711 668 741 in
687 710 868 741 Formiano
882 721 907 740 x
922 710 966 741 K.
986 710 1076 740 Febr.
1094 720 1124 740 α.
1144 718 1198 749 705
1216 708 1304 751 (49).

676 798 849 829 CICERO
881 797 1051 828 ATTICO
1086 796 1184 828 SAL.

229 902 246 929 1
318 892 449 928 Vnam
470 890 601 927 adhuc
621 902 644 926 a
664 895 701 926 te
722 887 929 938 epistulam
957 899 1186 936 acceperam
1207 886 1340 924 datam
1361 897 1422 922 XII
1446 886 1534 923 Kal.
1557 884 1597 922 in

265 969 343 1006 qua
373 955 664 1005 significabatur
692 953 809 991 aliam
840 961 877 991 te
908 960 1001 991 ante
1030 951 1188 991 dedisse
1218 964 1336 1000 quam
1371 964 1452 988 non
1491 964 1599 989 acce·
1620 969 1657 990 10

265 1033 410 1071 peram.
471 1021 548 1058 Sed
570 1032 717 1069 quaeso
738 1026 781 1056 ut
801 1018 947 1056 scribas
969 1031 1088 1067 quam
1114 1016 1341 1066 saepissime
1368 1029 1448 1054 non
1477 1017 1598 1054 modo

266 1085 297 1123 si
330 1085 426 1135 quid
454 1085 551 1123 scies
584 1092 653 1122 aut
683 1083 853 1122 audieris
885 1084 954 1121 sed
989 1082 1106 1120 etiam
1142 1081 1173 1119 si
1204 1081 1300 1131 quid
1335 1080 1594 1130 suspicabere‚

268 1150 516 1199 maximeque
537 1149 633 1199 quid
654 1148 769 1187 nobis
790 1148 1015 1186 faciendum
1036 1154 1103 1184 aut
1122 1160 1203 1185 non
1224 1146 1449 1184 faciendum
1471 1153 1595 1195 putes.

269 1217 374 1254 Nam
402 1216 510 1265 quod
542 1227 653 1264 rogas
685 1227 817 1252 curem
850 1221 892 1251 ut
922 1212 1021 1251 scias
1051 1211 1147 1261 quid
1178 1211 1391 1261 Pompeius
1420 1218 1522 1260 agat,
1550 1223 1598 1248 ne

225 1281 397 1330 2ipsum
428 1279 589 1329 quidem
620 1279 717 1317 scire
751 1286 872 1328 puto3
911 1286 1087 1316 nostrum
1121 1276 1282 1327 quidem
1317 1289 1446 1314 nemo.
1505 1275 1597 1314 Vidi
1623 1293 1657 1325 15

269 1347 482 1383 Lentulum
513 1346 717 1382 consulem
748 1343 914 1382 Formiis
944 1355 971 1380 x
1000 1343 1102 1389 Kal„
1125 1341 1205 1379 vidi
1233 1341 1454 1388 Libonem3
1484 1341 1599 1390 plena

268 1410 418 1449 timoris
457 1417 495 1448 et
534 1408 671 1447 erroris
710 1408 854 1446 omnia.
917 1409 989 1446 Ille
1028 1407 1099 1445 iter
1139 1406 1351 1453 Larinum;
1399 1405 1455 1444 ibi
1493 1405 1598 1443 enim

267 1477 449 1514 cohortes
474 1482 511 1513 et
540 1474 729 1513 Luceriae
756 1481 794 1512 et
814 1472 939 1512 Teani
968 1472 1195 1522 reliquaque
1222 1471 1261 1509 in
1283 1470 1437 1521 Apulia.
1498 1471 1599 1508 Inde

267 1548 397 1578 utrum
430 1539 643 1578 consistere
677 1539 831 1589 uspiam
865 1538 957 1577 velit
988 1552 1038 1576 an
1074 1550 1180 1575 mare
1214 1536 1375 1574 transire
1414 1535 1595 1573 nescitur.

268 1605 307 1643 Si
338 1612 483 1651 manet,
504 1618 639 1642 vereor
667 1617 717 1642 ne
746 1603 959 1641 exercitum
989 1603 1144 1639 firmum
1172 1602 1317 1639 habere
1344 1614 1425 1638 non
1452 1599 1599 1649 possit;
1621 1617 1661 1639 20

268 1670 327 1708 sin
344 1669 523 1716 discedit,
542 1683 621 1718 quo
641 1677 708 1706 aut
725 1681 811 1718 qua,
830 1675 897 1705 aut
918 1666 1014 1716 quid
1030 1666 1146 1704 nobis
1162 1667 1360 1715 agendum
1383 1664 1430 1702 sit
1451 1663 1595 1702 nescio.

269 1737 373 1773 Nam
404 1733 522 1771 istum
550 1733 712 1783 quidem
740 1732 882 1782 quoius
907 1732 1152 1781 φαλαριο-μὸν
1176 1730 1290 1767 times
1311 1729 1444 1767 omnia
1465 1736 1600 1766 taeter-

270 1799 367 1838 rime
388 1800 581 1837 facturum
606 1806 712 1848 puto.
774 1799 859 1835 Nec
884 1810 975 1835 eum
1000 1809 1127 1835 rerum
1155 1794 1321 1845 prolatio
1342 1808 1415 1832 nec
1443 1802 1600 1831 senatus

272 1864 647 1915 magistratuumque
677 1863 873 1902 discessus
897 1876 971 1901 nec
1000 1861 1190 1900 aerarium
1215 1862 1391 1898 clausum
1419 1858 1597 1897 tardabit.

229 1941 254 1980 3
273 1931 350 1969 Sed
372 1931 479 1975 haec,
502 1936 545 1966 ut
565 1927 714 1975 scribis,
735 1927 814 1966 cito
834 1927 1014 1966 sciemus.
1625 1942 1661 1975 25

327 1994 490 2033 Interim
512 1994 629 2032 velim
651 1993 747 2031 mihi
768 1993 947 2043 ignoscas
969 1992 1077 2042 quod
1098 1992 1148 2029 ad
1170 1998 1207 2029 te
1230 1990 1358 2028 scribo
1379 1997 1459 2027 tam
1481 1990 1602 2026 multa

273 2059 427 2098 totiens.
488 2059 712 2109 Acquiesco
733 2058 838 2096 enim
866 2065 905 2095 et
925 2064 1010 2095 tuas
1031 2058 1121 2095 volo
1148 2055 1287 2093 elicere
1314 2054 1459 2092 litteras
1488 2053 1603 2091 maxi—

274 2137 418 2174 meque
456 2123 665 2162 consilium
704 2122 800 2173 quid
838 2135 951 2171 agam
990 2128 1057 2159 aut
1096 2134 1176 2170 quo
1215 2134 1278 2158 me
1311 2126 1428 2169 pacto
1458 2131 1600 2168 geram.

276 2189 546 2228 Demittamne
570 2203 634 2227 me
663 2188 819 2238 penitus
850 2187 889 2225 in
920 2188 1109 2226 causam?
1165 2187 1259 2223 Non
1283 2186 1480 2223 deterreor
1509 2182 1605 2234 peri-

321 2303 334 2323 1
366 2293 481 2332 negoti
512 2292 553 2322 M
580 2302 688 2332 marg.
718 2290 791 2331 (sed
817 2291 900 2333 -ci):
930 2301 972 2321 ne
1002 2289 1043 2319 M
1214 2289 1387 2319 deferatur
1418 2286 1607 2327 I'Vesenberg

274 2347 293 2377 3
318 2337 399 2376 ὁρμὴ
431 2336 526 2369 Vict.:
553 2336 637 2367 hora
664 2346 717 2365 me
746 2334 803 2364 Ml
941 2343 979 2373 13
1007 2338 1107 2373 putes
1129 2332 1269 2364 Lamb.:
1303 2337 1403 2372 putas
1427 2330 1468 2360 M
1567 2340 1603 2368 17

275 2381 413 2412 terroris
441 2380 537 2412 Man.
