1790 2837
611 138 723 176 EPP.
756 140 834 176 AD
864 123 1123 177 ATTICVM
1469 136 1522 174 11.
1541 136 1619 172 xix

205 248 314 287 Huic
344 247 396 287 ita
425 249 604 299 plausum
634 257 691 287 est
718 256 761 287 ut
788 251 893 287 salva
921 262 961 287 re
986 248 1144 299 publica
1174 246 1365 298 Pompeio
1394 247 1528 299 plaudi

204 315 364 352 solebat.
425 313 534 352 Tulit
556 315 701 353 Caesar
720 314 893 364 graviter.
955 313 1124 351 Litterae
1145 314 1324 363 Capuam
1345 314 1395 351 ad
1417 315 1533 351 Pom-

203 378 335 429 peium
383 380 513 417 volare
561 379 801 417 dicebantur.
882 377 1037 416 Inimici
1079 385 1187 415 erant
1227 377 1424 427 equitibus
1463 377 1530 427 qui

204 443 367 482 Curioni
394 451 540 481 stantes
570 445 802 494 plauserant,
834 444 967 481 hostes
995 442 1204 489 omnibu53
1245 442 1414 480 Rosciae
1443 442 1528 492 legi,

165 521 182 554 5
203 508 322 546 etiam
360 509 635 547 frumentariae
673 508 964 546 minitabantur.
1035 508 1136 545 Sane
1170 520 1229 545 res
1268 514 1348 545 erat
1386 514 1532 556 pertur—

202 573 304 611 bata.
375 573 574 623 Equidem
609 575 821 610 malueram
857 573 964 622 quod
999 579 1078 610 erat
1113 579 1337 622 susceptum
1371 572 1421 610 ab
1456 571 1529 610 illis

202 636 358 676 silentio
397 637 561 685 transiri,
600 638 669 675 sed
708 650 842 675 vereor
880 650 930 674 ne
968 650 1049 674 non
1086 636 1210 674 liceat.
1271 638 1363 674 Non
1402 638 1530 674 serunt

202 701 383 740 homines
414 703 522 752 quod
547 702 700 740 videtur
729 715 813 739 esse
843 708 975 739 tamen
1004 702 1236 751 serendum,·
1270 702 1339 738 sed
1367 708 1425 739 est
1451 701 1528 739 iam

202 779 282 805 una
301 781 376 805 vox
398 766 575 806 omnium
598 766 720 816 magis
742 766 836 805 odio
856 767 1008 803 firmata
1029 779 1146 815 quam
1168 765 1373 816 praesidio.

144 843 183 867 10
257 833 401 871 Noster
420 840 552 871 autem
577 832 740 870 Publius
767 831 863 869 mihi
889 831 1098 879 minitatur,
1120 831 1303 870 inimicus
1325 837 1393 870 est.
1453 832 1530 870 Im·
1547 837 1574 876 4

201 897 348 946 pendet
383 896 594 946 negotium,
629 897 679 934 ad
712 897 820 946 quod
854 903 896 933 tu
931 895 1077 934 scilicet
1108 895 1321 934 advolabis.
1380 894 1530 934 Videor

201 960 297 998 mihi
317 970 494 999 nostrum
512 961 620 998 illum
635 962 880 999 consularem
898 960 1109 998 exercitum
1124 961 1318 999 bonorum
1336 960 1525 1007 omnium,

199 1026 318 1064 etiam
349 1034 407 1064 sat
436 1027 632 1064 bonorum
663 1026 806 1063 habere
837 1024 1113 1062 firmissimum.
1174 1025 1385 1074 Pompeius
1415 1024 1529 1074 signi—

198 1091 289 1128 ficat
309 1090 483 1128 studium
500 1103 588 1139 erga
610 1102 672 1127 me
692 1102 773 1127 non
795 1088 993 1127 mediocre
1008 1103 1018 1136 3
1048 1089 1152 1127 idem
1169 1090 1349 1127 adfirmat
1364 1089 1527 1127 verbum

142 1164 178 1197 15
198 1156 249 1193 de
273 1168 338 1193 me
362 1154 471 1192 illum
502 1168 582 1192 non
613 1167 698 1192 esse
724 1155 946 1201 facturum3
976 1153 1015 1191 in
1042 1167 1122 1203 quo
1148 1167 1228 1192 non
1254 1167 1317 1192 me
1343 1153 1406 1191 ille
1432 1153 1528 1191 fallit

197 1220 268 1257 sed
288 1218 370 1269 ipse
391 1219 543 1256 fallitur.
587 1217 787 1258 Cosconio
815 1225 971 1256 mortuo
997 1231 1083 1255 sum
1111 1218 1151 1255 in
1179 1218 1261 1256 eius
1282 1219 1412 1256 locum
1434 1217 1528 1255 invi-

197 1291 309 1322 tatus.
371 1285 419 1322 Id
447 1291 527 1322 erat
554 1283 683 1322 vocari
713 1283 753 1321 in
780 1284 911 1321 locum
943 1282 1095 1321 mortui.
1157 1283 1266 1321 Nihil
1293 1296 1355 1320 me
1376 1282 1525 1332 turpius

197 1350 302 1398 apud
332 1348 512 1386 homines
534 1348 669 1386 fuisset
689 1361 819 1397 neque
840 1361 931 1386 vero
951 1348 1002 1385 ad
1024 1347 1136 1385 istam
1159 1347 1283 1397 ipsam
1312 1348 1526 1396 ἀσφάλειαν

196 1413 407 1463 quicquam
433 1412 608 1451 alienius.
679 1415 777 1451 Sunt
810 1412 915 1450 enirn
946 1411 1000 1449 illi
1032 1413 1138 1461 apud
1169 1413 1296 1450 bonos
1328 1411 1520 1460 invidiosi,

138 1494 178 1516 20
197 1492 269 1528 ego
302 1479 408 1528 apud
440 1478 641 1528 improbos
676 1491 804 1515 meam
839 1477 1084 1515 retinuissem
1119 1477 1317 1524 invidiam,
1353 1476 1521 1515 alienam

194 1544 512 1594 adsumpsissem.
574 1545 718 1583 Caesar
744 1557 807 1581 me
835 1542 908 1581 sibi
928 1544 1010 1580 vult
1037 1556 1121 1580 esse
1146 1544 1326 1592 legatum.
1386 1543 1521 1580 Hone-
1539 1551 1565 1592 5

194 1609 287 1648 stior
317 1608 528 1647 declinatio
558 1610 655 1647 haec
685 1607 871 1658 periculi,
910 1608 981 1645 sed
1011 1620 1084 1656 ego
1118 1608 1195 1645 hoc
1229 1619 1309 1645 non
1343 1606 1519 1656 repudio.

195 1674 302 1723 Quid
324 1688 415 1724 ergo
436 1676 523 1712 est?
551 1687 724 1724 pugnare
749 1674 863 1710 malo.
924 1671 1034 1710 Nihil
1055 1679 1187 1709 tamen
1209 1671 1312 1709 certi.
1373 1673 1523 1710 Iterum

193 1739 284 1777 dico
318 1739 488 1777 ‘utinam
518 1740 675 1777 adesses
694 1740 722 1776 1²
779 1739 857 1776 Sed
887 1744 1019 1775 tamen
1047 1736 1079 1774 si
1106 1736 1176 1775 erit
1203 1750 1375 1783 necesse,
1400 1750 1523 1775 arces-

135 1818 172 1849 25
194 1817 334 1842 semus.
402 1803 511 1853 Quid
541 1803 678 1842 aliud?
718 1802 843 1853 quid?
911 1804 1003 1839 Hoc
1037 1801 1187 1852 opinor.
1248 1800 1355 1840 Certi
1387 1814 1521 1840 sumus

192 1868 338 1918 perisse
367 1868 500 1907 omnia
516 1883 524 1916 ;
554 1868 650 1918 quid
680 1868 785 1906 enim
813 1867 1034 1917 ἀκκιζόμεθα
1063 1874 1142 1904 tam
1172 1866 1269 1904 diu?

246 1935 324 1971 Sed
344 1934 442 1971 haec
463 1932 598 1983 scripsi
614 1946 826 1982 properans
847 1939 884 1970 et
902 1945 964 1969 me
980 1932 1138 1969 hercule
1159 1930 1307 1968 timide.
1349 1930 1519 1969 Posthac

191 1999 242 2036 ad
274 2006 311 2036 te
345 2007 425 2045 aut,
457 1998 488 2036 si
521 1999 749 2048 perfidelem
780 1998 938 2034 habebo
972 1996 1035 2034 cui
1065 1998 1170 2043 dem,
1201 1995 1367 2034 scribam
1402 1997 1519 2046 plane

194 2063 327 2101 omnia
353 2071 429 2108 aut,
454 2062 485 2100 si
516 2063 681 2101 obscure
703 2062 881 2107 scribam,
905 2069 946 2098 tu
966 2067 1099 2099 tamen
1120 2061 1334 2110 intelleges.
1394 2062 1442 2099 In
1471 2060 1517 2099 iis

135 2140 175 2170 30
194 2126 370 2176 epistulis
400 2140 464 2164 me
494 2126 682 2173 Laelium,
716 2134 755 2164 te
785 2125 943 2164 Furium
975 2125 1139 2172 faciam,
1178 2133 1306 2163 cetera
1337 2131 1449 2163 erunt
1480 2127 1518 2163 ἐν

192 2194 380 2241 αἰνιγμοῖς.
439 2191 520 2229 Hic
542 2191 758 2230 Caecilium
779 2190 944 2229 colimus
965 2197 1002 2228 et
1023 2191 1276 2228 observamus
1297 2189 1512 2239 diligenter.

235 2307 252 2335 7
278 2296 414 2326 transiri
430 2294 545 2328 Mam:
572 2295 637 2326 -ire
654 2295 694 2325 M
840 2305 877 2325 10
903 2295 1054 2326 inimicus
1071 2300 1122 2326 cst
1138 2294 1206 2326 secl.
1234 2295 1382 2325 Ernesti:
1406 2293 1514 2324 inimi—

190 2341 263 2372 cius
279 2340 357 2370 com'.
378 2340 462 2369 Boot
588 2349 624 2378 13
648 2344 699 2369 sat
723 2338 809 2369 Reid
829 2340 894 2368 roll.
916 2337 1153 2378 Landgrafad
1166 2339 1259 2369 Ix‘osc.
1280 2339 1360 2368 Am.
1374 2343 1409 2378 p.
1428 2347 1511 2376 299:

189 2384 270 2414 satis
289 2383 375 2413 codd.
520 2392 557 2420 14
583 2383 729 2412 studium
756 2393 819 2413 om.
852 2381 904 2411 Ml
1023 2393 1059 2421 17
1085 2383 1128 2412 mi
1145 2381 1277 2412 Ernesti
1376 2391 1416 2418 24
1441 2383 1515 2411 ante

189 2436 399 2458 arcessemus
416 2425 553 2458 acldend.
574 2431 608 2456 te
627 2427 704 2456 coni.
729 2425 925 2466 lifescnbasg,
946 2425 1003 2455 scd
1016 2426 1051 2464 cf.
1073 2436 1124 2456 20.
1146 2435 1165 2455 2
