1790 2837
714 135 1036 175 PRAEFATIO

213 249 259 287 iv.
288 262 392 296 1.4;
424 262 496 286 12:
526 261 560 286 v.
588 261 618 284 1.
644 260 694 297 33
728 260 859 296 13.3:
893 259 1026 296 20.3:
1056 245 1256 292 vi.1.22;
1289 257 1320 282 2.
1347 255 1392 292 7:
1422 243 1534 282 vii.1.

213 328 264 362 43
298 315 356 352 18.
379 327 425 363 3:
455 313 532 352 viii.
557 325 591 363 5.
618 326 661 360 13
694 324 725 360 7.
755 326 801 359 13
830 311 891 349 xii.
919 325 976 349 12.
1004 324 1143 360 1313.
1170 324 1214 348 1:
1245 308 1320 347 xiii.
1345 322 1443 359 3.1;
1479 323 1535 347 10.

213 393 264 429 3;
297 392 430 426 14.2;
461 392 520 416 20.
547 392 592 415 2:
623 377 696 415 xiv.
724 391 851 415 12.2:
882 390 940 414 xv.
965 390 998 426 3.
1026 390 1073 423 13
1102 375 1230 413 xvi.6.
1255 389 1289 425 3.
1346 374 1526 414 SedsiE

217 451 255 482 et
276 448 309 481 Δ
330 443 430 481 inter
459 456 500 481 se
530 443 634 481 solos
664 441 906 480 commiseris
936 454 1065 490 neque
1085 441 1136 478 de
1156 440 1320 479 aliorum
1352 439 1535 480 codicum

213 508 451 547 lectionibus
472 515 719 557 compertum
734 505 916 544 habueris
932 519 1046 555 aegre
1061 506 1226 543 alterum
1243 507 1365 544 altero
1382 503 1537 543 maioris

215 573 313 624 preti
343 572 537 611 inveneris
568 572 639 610 etsi
669 571 822 610 videtur
851 571 997 609 trutina
1025 571 1077 609 ad
1103 572 1132 609 Σ
1164 570 1331 608 minimo
1362 570 1536 620 quodam

213 646 417 676 momento
448 636 571 687 magis
600 636 798 674 inclinare.
857 637 936 674 Sed
970 635 1212 684 ubicumque
1238 634 1410 673 alterutri
1431 634 1537 672 aliud

214 703 419 752 quoddam
454 701 596 740 adferri
630 708 760 751 potest
792 708 1051 746 momentum,
1088 701 1194 737 velut
1237 701 1291 737 W
1315 701 1375 737 vel
1412 700 1447 737 C
1478 699 1538 736 vel

216 769 324 807 Crat.
340 769 401 805 vel
422 767 469 814 Z,
488 774 571 804 tum
593 765 782 804 iudicium
811 773 960 803 certum
982 764 1063 802 fieri
1084 771 1212 814 potest
1234 764 1298 815 (cf.
1320 765 1536 808 Lehmann,

211 839 268 882 op.
288 834 346 870 cit.
366 845 402 882 p.
431 834 499 870 181
525 830 642 881 sqq).

269 899 411 947 Itaque
432 898 508 935 hoc
530 910 699 935 Stemma
718 897 798 934 fere
819 894 1022 934 constituit
1044 895 1251 933 Lehmann
1270 893 1326 945 (p.
1356 893 1456 944 179).

618 994 839 1032 Archetypus
857 993 889 1022 X

349 1137 374 1164 T
1114 1133 1139 1160 Ω

361 1178 364 1217 Ι
1129 1173 1133 1215 Ι

245 1231 250 1271 Ι
420 1229 424 1268 Ι
581 1242 582 1259 ¹

236 1275 263 1305 C
397 1272 442 1302 W
568 1271 598 1301 Z

215 1317 242 1347 C
242 1321 302 1348 rat.
760 1319 784 1394 ἱΣ
1374 1316 1401 1390 ΔΙ

618 1412 623 1452 Ι
908 1409 912 1449 Ι
1081 1410 1085 1447 Ι
1256 1406 1260 1445 Ι

605 1458 631 1483 n
895 1453 928 1483 E
1073 1455 1098 1480 Φ
1248 1449 1281 1479 M
1510 1460 1526 1478 s

450 1551 453 1588 Ι
616 1498 619 1536 Ι
704 1553 708 1589 Ι
805 1549 809 1584 Ι
975 1547 978 1584 Ι
1090 1497 1094 1531 Ι
1186 1548 1189 1581 Ι

430 1593 467 1624 :V
691 1604 712 1622 π
789 1590 830 1621 H
961 1590 990 1620 Ο
1165 1589 1198 1618 Ρ

969 1633 1002 1663 Α
1009 1636 1054 1663 nl.
1166 1633 1199 1662 R

967 1677 1052 1707 Rav.
1164 1676 1198 1706 F

263 1759 423 1794 Litterae
460 1759 627 1793 Graecae
662 1756 821 1790 maiores
856 1754 1021 1789 indicant
1056 1753 1202 1788 codices
1238 1752 1297 1797 qui
1333 1762 1406 1786 non
1441 1761 1541 1785 com·

215 1824 345 1862 parent
365 1817 429 1851 sed
447 1822 635 1862 ponuntur
651 1821 690 1849 ut
709 1814 794 1849 inde
813 1818 1060 1858 cognoscatur
1078 1823 1150 1857 quo
1169 1811 1280 1845 modo
1300 1809 1447 1845 codices
1466 1808 1540 1842 noti

215 1876 434 1920 cognatione
452 1882 490 1910 ut
508 1874 559 1910 ita
576 1874 699 1908 dicam
718 1873 812 1907 inter
831 1884 869 1907 se
888 1877 1167 1906 connectantur.
1191 1890 1208 1904 φ

270 1980 318 2016 In
339 1986 446 2016 textu
467 1978 582 2028 igitur
601 1984 644 2016 ut
665 1976 775 2027 potui
797 1975 1077 2014 constituendo
1098 1975 1247 2012 nullam
1273 1985 1416 2010 novam
1439 1970 1541 2008 viam

217 2043 411 2093 ingressus
446 2057 546 2090 sum,
576 2042 769 2080 rationem
803 2040 1025 2079 Lehmanni
1060 2040 1139 2077 fere
1175 2051 1329 2087 semper
1360 2043 1516 2074 secutus
1537 2051 1542 2073 :

216 2107 271 2146 nil
292 2107 366 2145 nisi
394 2107 521 2157 parvis
551 2106 707 2146 indiciis
737 2107 844 2144 unde
870 2104 988 2143 lectio
1009 2117 1190 2154 quaeque
1211 2102 1333 2141 dubia
1353 2100 1542 2150 originem

216 2172 367 2211 duxerit
387 2185 547 2221 quoque
568 2172 689 2210 modo
709 2170 868 2209 codices
897 2170 1029 2208 adhuc
1059 2168 1142 2206 noti
1172 2167 1271 2205 inter
1300 2180 1341 2204 se
1362 2172 1543 2203 constent

218 2245 433 2275 monstrare
447 2250 533 2274 sum
551 2243 726 2275 conatus.
779 2234 947 2272 Minime
961 2233 1123 2283 quidem
1140 2232 1180 2269 in
1196 2238 1328 2269 mente
1345 2229 1541 2268 habebam

217 2309 447 2352 apparatum
468 2309 510 2339 ut
530 2308 674 2339 vocant
694 2299 874 2338 criticum
889 2298 1080 2344 ordinare,
1099 2298 1207 2347 quod
1228 2308 1341 2345 opus,
1355 2307 1541 2344 magnum

219 2380 313 2405 sane
345 2374 382 2404 et
418 2379 561 2415 magno
600 2378 718 2415 opere
753 2364 1070 2409 desiderandum,
1106 2374 1234 2411 neque
1266 2362 1370 2410 leges
1405 2360 1542 2396 harum
