1817 2832
75 133 145 171 IV.
170 144 232 171 xv
598 134 654 172 M.
687 133 855 171 TVLLI
886 133 1193 174 CICERONIS

225 243 435 284 criminans
457 258 513 283 me
533 244 675 283 mentis
698 244 874 283 iudicum
901 253 1180 285 commoverat.
1240 247 1431 285 Hortalus
1452 245 1492 284 in
1513 259 1559 284 ea

225 323 343 348 causa
369 309 440 348 fuit
467 309 578 348 cuius
609 309 719 347 modi
750 311 859 348 solet.
919 312 1005 349 Nos
1034 312 1197 350 verbum
1227 313 1379 349 nullum
1395 326 1405 359 ,-
1438 310 1559 349 verita

226 382 284 413 est
323 374 428 413 enirn
468 375 618 425 pusilla,
661 389 762 425 quae
801 389 907 413 nunc
945 376 1106 423 laborat,
1144 390 1195 414 ne
1225 376 1403 414 animum
1442 375 1558 414 Publi

184 441 479 490 5offenderem.
541 440 618 478 His
657 441 773 478 rebus
811 440 907 479 actis
941 440 1099 479 Reatini
1139 455 1202 480 me
1234 442 1286 481 ad
1321 455 1390 479 sua
1428 442 1559 491 Τέμπη

226 506 421 543 duxerunt
442 514 483 543 ut
504 519 659 555 agerem
687 519 845 544 causam
871 514 1007 544 contra
1035 506 1311 544 Interamnatis
1338 508 1444 556 apud
1469 520 1559 545 con-
1579 521 1596 552 5

226 571 351 608 sulem
381 577 419 608 et
449 571 588 608 decem
623 572 781 620 legatos,
815 572 924 620 quod
953 573 1061 610 lacus
1091 570 1256 609 Velinus
1285 584 1308 609 a
1339 572 1408 609 M’.
1440 571 1559 610 Curio

225 635 392 673 emissus
427 635 610 674 interciso
646 643 781 674 monte
813 635 853 673 in
892 638 974 676 Nar
1007 635 1169 684 defluit3
1210 650 1256 674 ex
1290 650 1370 686 quo
1405 643 1463 674 est
1496 635 1561 674 illa

227 701 372 740 siccata
403 709 440 740 et
473 702 608 740 umida
647 710 779 740 tamen
818 702 975 741 modice
1009 702 1141 744 Rosia.
1200 702 1292 740 Vixi
1323 716 1414 741 curn
1445 701 1557 750 Axio,

228 767 295 816 qui
316 767 434 805 etiam
457 781 520 806 me
540 769 591 806 ad
612 769 771 817 Septem
793 780 915 817 aquas
937 767 1058 806 duxit.

181 831 208 868 6
286 832 402 871 Redii
429 835 600 871 Romam
630 832 770 873 Fontei
805 846 923 871 causa
953 847 986 871 a.
1010 834 1046 871 d.
1081 845 1139 871 V11
1172 834 1269 872 Idus
1298 832 1434 882 Quint.
1457 832 1561 871 Veni
1585 846 1622 868 10

228 900 270 936 in
302 900 571 948 spectaculum
601 898 772 949 primum
800 912 944 948 magno
974 906 1013 937 et
1041 899 1239 949 aequabili
1273 901 1424 949 plausu.
1483 900 1562 937 Sed

227 964 305 1001 hoc
347 977 397 1002 ne
443 963 612 1011 curaris;
673 977 746 1013 ego
791 962 948 1013 ineptus
988 963 1055 1013 qui
1094 963 1325 1014 scripserim.
1405 963 1562 1002 Deinde

226 1028 466 1079 Antiphonti
497 1041 668 1078 operam.
730 1030 769 1066 Is
796 1036 878 1067 erat
904 1035 996 1066 ante
1023 1042 1143 1068 manu
1165 1028 1306 1067 missus
1331 1042 1449 1079 quarn
1478 1042 1563 1079 pro-

227 1095 380 1132 duetus.
442 1095 504 1132 Ne
531 1092 677 1131 diutius
705 1094 890 1142 pendeas,
914 1094 1086 1143 palmam
1112 1093 1199 1131 tulit
1213 1108 1223 1141 3
1258 1095 1327 1132 sed
1354 1093 1452 1131 nihil
1482 1100 1562 1131 tam

226 1159 424 1210 pusillum,
447 1158 545 1196 nihil
570 1166 650 1196 tarn
678 1158 761 1196 sine
782 1172 889 1205 voce,
912 1158 1010 1196 nihil
1032 1166 1111 1196 tam
1128 1189 1136 1197 .
1155 1189 1163 1197 .
1182 1189 1189 1197 .
1219 1160 1369 1197 Verum
1395 1160 1493 1197 haec
1520 1165 1563 1196 tu
1586 1170 1622 1202 15

228 1230 360 1263 tecum
395 1224 551 1262 habeto.
625 1225 673 1261 In
706 1224 988 1262 Andromacha
1021 1230 1153 1262 tamen
1185 1223 1309 1262 maior
1340 1223 1412 1262 fuit
1443 1237 1563 1274 quam

227 1291 439 1339 Astyanax,
462 1289 502 1327 in
523 1289 661 1327 ceteris
682 1303 814 1339 parem
838 1289 977 1328 habuit
998 1289 1210 1327 neminem.
1271 1289 1438 1338 Quaeris
1458 1302 1565 1327 nunc

228 1356 279 1394 de
313 1355 559 1402 Arbuscula3
607 1355 722 1392 valde
764 1354 922 1404 placuit.
983 1353 1088 1392 Ludi
1131 1354 1330 1404 magnifici
1368 1362 1407 1393 et
1444 1353 1566 1404 grati;

228 1419 386 1458 venatio
408 1419 447 1457 in
467 1419 575 1457 aliud
597 1426 752 1469 tempus
773 1419 904 1457 dilata.

186 1491 211 1532 7
284 1487 456 1535 Sequere
483 1498 590 1523 nunc
618 1498 681 1523 me
709 1483 749 1522 in
770 1498 966 1534 campum.
1026 1486 1152 1524 Ardet
1179 1485 1350 1524 ambitus
1365 1500 1376 1534 3
1404 1488 1509 1536 σῆμα
1529 1485 1569 1524 δέ
1588 1499 1626 1521 20

229 1568 286 1589 τοι
336 1552 446 1600 ἐρέω;
499 1551 636 1588 faenus
682 1563 729 1588 ex
767 1549 907 1588 triente
955 1550 1094 1588 Idibus
1135 1550 1380 1599 Quintilibus
1418 1553 1565 1590 facturn

230 1623 311 1655 erat
350 1615 540 1654 bessibus
602 1614 722 1652 Dices
766 1616 896 1652 ‘Istuc
933 1615 1096 1664 quidem
1135 1629 1217 1653 non
1256 1617 1422 1654 moleste
1460 1618 1566 1654 fero.'

232 1683 269 1720 O
291 1681 440 1719 virum!
476 1694 499 1718 o
529 1679 679 1718 civem!
717 1679 955 1717 Memmium
979 1680 1157 1719 Caesaris
1182 1694 1320 1719 omnes
1350 1695 1445 1731 opes
1476 1695 1567 1719 con-

233 1748 399 1784 firmant.
461 1746 564 1785 Cum
594 1758 642 1783 eo
674 1744 897 1782 Domitium
933 1747 1115 1783 consules
1142 1745 1360 1792 iunxerunt,
1394 1760 1471 1795 qua
1501 1760 1566 1796 pa-

233 1812 365 1851 ctione
392 1811 582 1861 epistulae
608 1809 854 1848 committere
879 1824 960 1848 non
986 1811 1125 1849 audeo.
1185 1810 1398 1860 Pompeius
1422 1811 1564 1859 fremit,
1585 1823 1624 1855 25

234 1877 418 1928 queritur,
442 1878 587 1915 Scauro
615 1876 757 1923 studet,
781 1876 851 1913 sed
875 1883 1005 1913 utrum
1030 1877 1156 1914 fronte
1179 1889 1229 1913 an
1257 1884 1389 1914 mente
1413 1876 1567 1915 dubita-

234 1950 306 1981 tur.
375 1942 513 1992 Ἐξοχὴ
552 1940 593 1978 in
632 1942 741 1979 nullo
780 1948 863 1988 est3
910 1940 1078 1991 pecunia
1116 1940 1294 1978 omnium
1335 1940 1567 1990 dignitatem

234 2015 435 2058 exaequat.
497 2008 684 2044 Messalla
705 2008 872 2056 languet,
896 2019 976 2044 non
998 2019 1078 2055 quo
1105 2013 1171 2043 aut
1191 2005 1345 2043 animus
1373 2005 1474 2044 desit
1500 2014 1567 2044 aut

234 2072 351 2112 amici
373 2073 442 2110 sed
463 2071 583 2110 coitio
605 2073 813 2109 consulum
834 2076 871 2108 et
889 2070 1102 2120 Pompeius
1119 2071 1276 2109 obsunt.
1332 2072 1391 2109 Ea
1406 2071 1566 2109 comitia

236 2146 333 2189 puto
367 2140 449 2176 fore
483 2145 526 2175 ut
559 2138 764 2175 ducantur.
823 2135 1042 2174 Tribunicii
1077 2135 1278 2174 candidati
1316 2134 1490 2174 iurarunt
1524 2150 1565 2174 se
1586 2149 1627 2180 30

285 2255 298 2275 1
326 2253 380 2273 me
404 2242 480 2274 add.
506 2241 647 2282 Il‘Iadvz‘g
776 2252 795 2280 4
820 2241 1027 2271 offenderem
1063 2240 1154 2270 Illam.
1176 2252 1181 2270 :
1206 2245 1293 2271 -eret
1322 2240 1410 2271 codd.
1547 2241 1566 2270 8

238 2287 344 2319 Rosia
363 2287 435 2324 CM,
463 2286 500 2326 cs
533 2286 623 2326 Verg.
653 2285 738 2316 Aen.
768 2285 823 2315 vii.
847 2295 907 2324 712
929 2284 1105 2324 (Ribbeck,
1133 2284 1219 2315 Plin.
1252 2283 1296 2314 ΙἸ.
1323 2283 1366 2314 Ν.
1396 2284 1473 2314 xvii.
1502 2294 1565 2322 32:

239 2332 353 2363 Rosea
369 2331 456 2369 vulg.
616 2339 651 2359 11
678 2330 712 2360 in
739 2328 969 2369 spectaculum
990 2328 1200 2367 Alalaspina:
1227 2339 1290 2359 om.
1311 2328 1342 2357 in
1360 2327 1444 2358 codd.
1462 2339 1469 2358 z
1493 2337 1567 2366 spe-

239 2380 364 2405 etatum
390 2370 557 2412 Graevius,
581 2373 703 2403 Mz'iller
846 2381 883 2412 15
902 2374 977 2413 pos!
999 2376 1066 2403 tam
1089 2371 1162 2403 add.
1192 2371 1342 2402 ieiunum
1367 2369 1563 2410 Hirschfeld,

240 2420 341 2450 inane
359 2417 444 2448 Reid
