1790 2837
789 566 954 624 SIGLA

380 725 411 759 C
430 739 454 749 Ξ
479 735 607 768 margo
625 723 798 759 editionis
818 724 1084 759 Cratandrinae
1104 724 1289 769 (Basileae
1312 727 1413 770 1528)

302 783 404 817 Crat.
425 798 456 810 =
475 783 650 818 lectiones
669 783 704 817 in
724 789 823 818 textu
842 782 1012 818 editionis
1034 783 1300 818 Cratandrinae

371 841 409 875 Z
423 856 457 869 =
477 841 592 876 codex
610 840 860 875 Tornesianus
880 840 952 875 iam
971 841 1183 885 deperditus
1204 840 1290 885 (vid.
1310 841 1441 885 Praef.)

213 896 268 941 Zl,
286 896 347 942 Zb,
366 898 412 933 Z‘
428 914 462 927 =
482 899 596 934 codex
640 899 890 934 Tomesianus
929 899 1133 934 secundum
1170 900 1343 935 Lambini
1378 907 1413 935 et
1450 901 1535 935 Eosi

517 962 552 992 et
571 958 732 992 Turnebi
752 957 964 993 testimonia

274 1016 403 1050 Lamb.
423 1031 457 1044 =
474 1015 651 1051 lectiones
663 1015 698 1050 in
714 1022 813 1050 textu
831 1015 1003 1051 editionis
1019 1016 1286 1055 Lambinianae
1299 1017 1354 1052 vel
1369 1017 1535 1052 Lambini

518 1073 749 1108 coniecturae

211 1132 243 1166 L
257 1131 408 1177 (rtzarg.)
427 1148 461 1160 =
478 1132 652 1167 lectiones
672 1131 842 1166 Lambini
862 1131 898 1166 in
917 1143 1029 1176 marg.
1048 1132 1222 1167 editionis
1241 1132 1452 1177 posterioris

303 1201 338 1225 v.
357 1201 385 1225 c.
403 1205 437 1218 =
454 1190 631 1225 lectiones
657 1190 790 1224 veteris
816 1189 953 1224 codicis
974 1190 1144 1233 (fortasse
1162 1190 1202 1235 Z)
1227 1191 1262 1225 in
1290 1191 1454 1236 margine
1479 1192 1534 1226 ed.

517 1247 783 1283 Lambinianae
798 1247 1008 1293 posterioris

359 1306 455 1340 W:
475 1306 681 1351 fragmenta
708 1307 847 1341 codicis
865 1307 1207 1352 Wurceburgensis,
1226 1307 1337 1343 saecl.
1353 1314 1391 1343 ut
1408 1308 1482 1343 vid,
1501 1309 1533 1342 xi

518 1365 683 1399 exeuntis
702 1365 759 1399 vel
777 1365 825 1399 xii
846 1365 1005 1400 ineuntis

355 1499 406 1533 M
422 1513 455 1526 =
473 1499 591 1533 codex
610 1498 802 1533 Mediceus
819 1508 876 1542 49.
898 1499 949 1541 18,
969 1498 1055 1532 anni
1077 1499 1165 1542 1389

384 1568 402 1591 s
418 1572 452 1584 =
472 1556 587 1591 codex
604 1556 765 1591 Vrbinas
785 1556 821 1590 in
840 1556 927 1591 bibl.
946 1555 1128 1591 Vaticana
1147 1566 1226 1600 322,
1245 1557 1352 1592 saecl.
1372 1569 1430 1591 xv.

378 1621 406 1648 Δ
424 1630 458 1643 =
475 1625 675 1649 consensus
694 1614 862 1649 codicum
884 1615 922 1648 M
942 1620 978 1649 et
995 1626 1013 1648 s

366 1752 405 1786 E
420 1766 455 1779 =
474 1757 645 1796 excerpta
662 1749 910 1786 Ambrosiana
930 1751 960 1784 E
984 1757 1037 1793 14,
1056 1749 1164 1784 saecl.
1183 1756 1220 1784 ut
1239 1749 1314 1784 vid.
1332 1749 1402 1784 xiv.

364 1810 455 1845 N=
476 1810 591 1844 codex
621 1810 890 1844 Laurentianus
921 1821 965 1844 ex
994 1808 1145 1843 abbatia
1175 1808 1388 1843 Florentina
1415 1819 1451 1843 n.
1482 1817 1534 1851 14,

515 1868 623 1903 saecl.
643 1867 702 1901 xiv
720 1868 886 1902 exeuntis
905 1868 961 1902 vel
980 1878 1026 1902 xv
1045 1865 1202 1901 ineuntis

363 1927 456 1961 ΗΞ
475 1927 591 1961 codex
626 1926 839 1961 Landianus
874 1925 910 1960 in
945 1925 1033 1960 bibl.
1069 1923 1279 1959 Placentina
1310 1925 1342 1968 8,
1371 1922 1533 1959 eiusdem

515 1984 647 2019 aetatis

371 2057 396 2077 π
412 2058 447 2071 =
465 2043 583 2077 codex
609 2042 796 2077 Parisinus
823 2041 859 2076 in
881 2041 968 2076 bibl.
989 2040 1166 2076 nationali
1186 2040 1322 2084 (Nouv.
1342 2040 1468 2076 Fonds
1496 2042 1537 2076 16

517 2101 610 2143 248),
627 2100 704 2135 fere
722 2100 888 2135 eiusdem
907 2099 1037 2135 aetatis

377 2159 407 2194 Ο
423 2173 455 2186 =
476 2159 592 2193 codex
617 2158 859 2193 Taurinensis
889 2158 910 2192 i.
941 2166 970 2202 5.
1000 2167 1045 2202 34
1076 2157 1113 2192 in
1148 2156 1234 2192 bibl.
1262 2156 1536 2200 Vniversitatis,

515 2216 622 2251 saecl.
639 2228 685 2251 xv

370 2274 454 2309 P=
474 2275 591 2309 codex
615 2274 803 2309 Parisinus
835 2274 871 2309 in
902 2273 990 2308 bibl.
1017 2272 1191 2308 nationali
1223 2272 1326 2316 8536,
1354 2271 1464 2306 saecl.
1492 2281 1536 2305 xv

514 2332 672 2367 ineuntis

373 2391 407 2425 R
424 2405 457 2418 =
477 2390 594 2426 codex
611 2390 800 2425 Parisinus
819 2390 854 2425 in
872 2389 959 2425 bibl.
978 2389 1154 2424 nationali
1174 2389 1276 2433 8538,
1295 2387 1382 2422 anni
1404 2395 1492 2430 1419

373 2453 396 2482 Σ
416 2464 449 2476 =
469 2459 670 2484 consensus
689 2449 860 2484 codicum
880 2448 1067 2482 ENHOP
1085 2454 1148 2482 aut
1168 2447 1276 2482 EOR
1294 2452 1356 2480 aut
1376 2445 1478 2480 ORP
