1790 2837
184 499 201 531 5

163 829 203 853 10

160 1153 197 1184 15

157 1474 196 1495 20

148 2122 188 2152 30

639 119 751 158 EPP.
784 119 862 156 AD
891 119 1153 158 ATTICVM
1518 119 1547 157 Ι.
1573 118 1649 155 xvi

225 227 438 278 proeliatus
467 242 553 267 sum
584 236 626 267 ut
655 230 803 268 clamor
823 242 1116 279 concursusque
1146 228 1315 267 maxima
1343 241 1434 267 curn
1464 241 1552 266 mea

224 293 341 331 laude
370 294 516 331 fierent.
578 295 699 342 Quod
727 294 758 333 si
786 295 856 332 tibi
883 308 1072 344 umquam
1103 308 1190 332 sum
1218 294 1322 332 visus
1349 294 1389 332 in
1418 308 1458 332 re
1485 307 1552 344 pu-

223 357 327 396 blica
353 357 472 405 fortis,
500 366 603 397 certe
634 372 697 397 me
727 358 766 396 in
796 359 861 397 illa
887 372 1006 397 causa
1030 359 1245 397 admiratus
1271 372 1387 397 esses.
1448 360 1550 397 Cum

223 421 329 460 enim
350 422 415 461 ille
435 425 485 461 ad
506 423 712 462 contiones
741 423 981 474 confugisset
1002 424 1043 461 in
1064 424 1189 473 iisque
1210 437 1299 462 meo
1320 423 1480 461 nomine
1500 424 1551 461 ad

222 487 411 525 invidiam
432 495 613 534 uteretur,
637 488 677 526 di
698 488 937 526 immortales
956 491 961 526 ἕ
991 502 1089 538 quas
1111 502 1182 538 ego
1203 501 1353 538 pugnas
1372 496 1410 526 et
1432 501 1551 537 quan-

222 559 281 590 tas
309 561 453 602 strages
480 553 613 591 edidi!
644 566 743 602 quos
771 553 940 602 impetus
970 552 1010 590 in
1042 553 1237 599 Pisonem,
1261 553 1299 590 in
1322 553 1547 598 Curionem,

222 617 263 655 in
303 625 426 656 totam
462 618 570 658 illam
603 631 764 656 manum
800 617 898 656 feci!
938 631 1020 668 quo
1053 619 1173 656 modo
1212 631 1298 655 sum
1338 617 1549 656 insectatus

222 682 420 721 levitatem
453 697 602 729 senum,
633 683 838 721 libidinem
873 682 1110 721 iuventutis!
1167 684 1302 732 Saepe,
1332 682 1385 720 ita
1414 696 1477 720 me
1509 681 1546 720 di

223 747 356 786 iuvent
374 751 379 786 1
411 756 448 785 te
470 761 549 785 non
571 749 698 785 solum
719 756 920 786 auctorem
936 747 1188 786 consiliorum
1207 760 1397 794 meorum,
1413 760 1546 785 verum

224 812 340 851 etiam
372 821 631 863 spectatorem
661 826 881 863 pugnarum
909 812 1160 851 mirificarum
1190 812 1417 851 desideravi.
1478 814 1548 850 Po·
1568 821 1590 848 2

222 885 303 915 stea
324 891 415 915 vero
436 891 554 927 quan:
577 877 815 915 Hortensius
836 877 1068 926 excogitavit
1089 885 1131 915 ut
1151 878 1275 927 legem
1293 878 1342 915 de
1363 876 1547 926 religione

222 943 356 980 Fufius
391 942 570 980 tribunus
602 943 652 991 pl.
687 944 811 989 ferret,
844 942 884 980 in
914 956 995 992 qua
1032 942 1129 979 nihil
1160 942 1267 980 aliud
1300 956 1323 980 a
1353 941 1545 980 consulari

221 1006 422 1056 rogatione
443 1006 647 1044 differebat
672 1006 746 1044 nisi
773 1006 947 1044 iudicum
974 1020 1099 1056 genus
1121 1007 1177 1056 (in
1207 1020 1254 1044 eo
1278 1014 1408 1044 autem
1438 1013 1546 1044 erant

220 1071 384 1120 omnia),
406 1070 672 1120 pugnavitque
697 1079 739 1108 ut
768 1071 822 1108 ita
846 1072 964 1117 fieret,
986 1072 1097 1120 vquod
1127 1078 1164 1108 et
1194 1071 1266 1108 sibi
1294 1079 1331 1108 et
1357 1070 1441 1108 aliis
1466 1083 1546 1119 per-

220 1143 392 1173 suaserat
419 1135 535 1173 nullis
563 1135 672 1172 illurn
704 1135 900 1173 iudicibus
926 1137 1094 1185 effugere
1119 1148 1244 1185 posse,
1268 1134 1441 1173 contraxi
1461 1136 1546 1172 vela

219 1200 459 1251 perspiciens
482 1199 656 1249 inopiam
678 1199 854 1238 iudicum
875 1214 1007 1250 neque
1022 1200 1100 1238 dixi
1120 1200 1329 1249 quicquam
1352 1212 1422 1249 pro
1444 1198 1546 1237 testi-

219 1265 355 1304 monio
387 1265 461 1303 nisi
497 1266 605 1314 quod
641 1272 722 1303 erat
756 1265 808 1302 ita
847 1273 984 1303 notum
1016 1274 1135 1314 atque
1169 1272 1352 1303 testatum
1384 1271 1425 1301 ut
1464 1277 1543 1302 non

218 1344 374 1380 possem
405 1329 621 1379 praeterire.
685 1330 825 1378 Itaque
851 1329 884 1367 si
912 1343 1067 1367 causam
1094 1329 1246 1378 quaeris
1272 1328 1543 1375 absolutionis,

217 1403 258 1433 ut
291 1395 365 1433 iam
401 1397 492 1445 πρὸς
528 1396 570 1433 τὸ
601 1395 778 1445 πρότερον
809 1402 985 1440 revertar,
1018 1402 1166 1444 egestas
1197 1393 1369 1431 iudicum
1400 1393 1470 1430 fuit
1504 1402 1542 1432 et

217 1460 428 1510 turpitudo.
492 1461 539 1498 Id
560 1467 691 1498 autern
713 1467 755 1497 ut
780 1459 975 1497 accideret
997 1459 1250 1497 commissum
1273 1466 1329 1496 est
1352 1458 1539 1496 Hortensi

215 1525 392 1572 consilio,
418 1525 484 1575 qui
513 1526 609 1563 dum
629 1524 773 1563 veritus
799 1532 858 1562 est
884 1538 934 1562 ne
964 1525 1097 1561 Fufius
1122 1523 1157 1561 ei
1183 1523 1257 1572 legi
1284 1512 1540 1561 intercederet

215 1604 316 1640 quae
345 1604 391 1628 ex
422 1597 580 1628 senatus
611 1591 792 1628 consulto
822 1589 1026 1634 ferebatur,
1059 1602 1139 1625 non
1166 1587 1262 1625 vidit
1291 1586 1398 1633 illud,
1421 1587 1540 1626 satius

213 1670 298 1695 esse
330 1657 439 1694 illum
473 1656 512 1694 in
548 1656 708 1694 infamia
742 1655 909 1705 relinqui
942 1668 989 1693 ac
1021 1654 1201 1693 sordibus
1233 1667 1350 1703 quam
1385 1653 1539 1693 infirmo

213 1722 360 1761 iudicio
381 1721 588 1769 committi,
610 1723 679 1760 sed
708 1722 850 1760 ductus
878 1720 971 1759 odio
995 1720 1214 1770 properavit
1235 1733 1314 1757 rem
1343 1720 1538 1774 deduce-re

154 1798 167 1819 2
212 1786 253 1825 in
273 1787 477 1835 iudicium,
499 1801 588 1825 curn
611 1787 720 1825 illum
742 1786 931 1836 plumbeo
952 1785 1084 1836 gladio
1105 1784 1320 1834 iugulatum
1341 1783 1384 1821 iri
1406 1791 1536 1822 tamen

211 1850 367 1890 diceret.

265 1918 343 1955 Sed
376 1917 566 1956 iudicium
597 1917 627 1956 si
660 1917 813 1968 quaeris
850 1918 964 1968 quale
1004 1915 1127 1963 fuerit,
1159 1913 1379 1954 incredibili
1417 1913 1534 1962 exitu,
1553 1921 1577 1959 3

210 1980 264 2018 sic
285 1981 339 2019 uti
368 1995 474 2020 nunc
502 1996 548 2020 ex
572 1990 716 2021 eventu
744 1983 795 2021 ab
822 1982 917 2029 aliis,
941 1995 963 2020 a
990 1994 1053 2019 me
1081 1989 1212 2018 tamen
1242 1994 1288 2018 ex
1317 1979 1402 2029 ipso
1423 1978 1534 2017 initio

210 2045 416 2083 consilium
449 2046 638 2084 Hortensi
663 2047 981 2097 reprehendatur.
1041 2047 1144 2083 Nam
1175 2052 1217 2082 ut
1246 2043 1403 2082 reiectio
1432 2044 1533 2081 facta

210 2116 268 2145 est
299 2109 535 2148 clamoribus
570 2110 759 2157 maximis,
795 2124 885 2148 cum
925 2118 1128 2148 accusator
1162 2117 1363 2158 tamquam
1395 2121 1533 2146 censor

210 2172 338 2210 bonus
354 2174 535 2213 homines
555 2175 817 2225 nequissimos
839 2175 1013 2222 reiceret,
1031 2188 1118 2213 reus
1135 2181 1335 2223 tamquam
1357 2173 1530 2210 clemens

252 2285 270 2314 5
297 2275 338 2306 Di
357 2300 363 2306 .
383 2300 390 2307 .
408 2300 416 2308 .
437 2277 527 2307 edidi
546 2277 741 2308 trochaicum
766 2281 989 2308 tetrametrum
1008 2279 1019 2317 ζ
1023 2282 1055 2308 et
1079 2277 1213 2308 omissoN
1240 2275 1377 2316 dispexit
1396 2274 1530 2305 Ribbeck

211 2327 247 2355 14
270 2324 305 2348 ut
323 2320 368 2350 ita
382 2319 587 2351 MsHCmt.:
614 2326 648 2351 ut
666 2322 698 2351 id
716 2322 761 2352 ita
779 2325 803 2353 Σ
895 2330 932 2360 17
956 2326 1071 2351 noturn
1091 2320 1240 2350 EPM‘2s:
1267 2330 1388 2349 novum
1403 2318 1530 2349 M¹NH

207 2363 249 2392 28
273 2367 384 2393 tamen
402 2363 489 2395 codd.
507 2375 513 2394 ε
537 2369 647 2394 autem
665 2362 783 2395 Lamb.
798 2375 805 2397 :
832 2365 896 2395 iam
913 2364 1053 2404 stladvrg
