1790 2837
88 128 166 167 ΙΙΙ.
191 127 252 165 vii
549 127 604 163 M.
637 125 804 162 TVLLI
837 124 1143 163 CICERONIS

186 236 461 276 nesciebamus
476 250 486 282 ,-
515 248 634 285 quem
665 234 826 284 quidem
847 248 920 284 ego
941 248 1013 272 nec
1033 248 1107 283 qno
1126 235 1247 273 modo
1268 233 1417 273 visurus
1438 246 1512 273 nec

184 312 226 342 ut
258 302 488 342 dimissurus
518 301 592 339 sim
619 300 711 339 scio.
773 302 821 339 Id
851 308 909 339 est
939 300 1153 338 maximum
1185 308 1222 339 et
1253 300 1512 339 miserrimum

183 381 359 406 mearum
393 365 571 405 omnium
604 365 857 403 miseriarum.
918 367 1003 415 Ego
1042 372 1080 403 et
1117 364 1272 415 saepius
1309 366 1360 403 ad
1399 372 1437 403 te
1475 372 1513 402 et

182 435 294 484 plura
327 431 548 476 scriberem,
586 429 659 467 nisi
692 429 787 467 mihi
818 431 930 467 dolor
965 442 1075 467 meus
1107 442 1197 467 cum
1232 428 1360 467 omnis
1394 427 1513 478 partis

184 497 326 535 mentis
358 503 442 535 tum
477 494 646 533 maxime
685 494 801 532 huius
839 493 990 544 generis
1029 495 1255 532 facultatem
1289 492 1510 531 ademisset.
1533 507 1550 539 5

182 562 328 600 Videre
366 568 404 600 te
443 559 571 610 cupio.
633 560 738 599 Cura
776 567 817 597 ut
856 560 995 597 valeas,
1057 560 1160 597 Data
1197 572 1251 610 pr.
1290 559 1378 596 Kal.
1418 556 1510 595 Mai.

183 626 378 665 Brundisi.

224 732 343 768 VIII
474 734 546 767 Scr.
571 734 809 765 Thessalonicae
825 734 856 765 iv
872 734 915 765 K.
934 734 1009 765 Imt.
1030 745 1060 765 a.
1083 734 1145 774 696
1164 733 1251 775 (58).

599 811 774 842 CICERO
799 811 971 842 ATTICO
998 811 1096 843 SAL.

145 906 161 932 1
235 891 452 930 Brundisio
479 889 732 940 proficiscens
762 888 990 939 scripseram
1021 889 1071 927 ad
1102 896 1139 927 te
1172 901 1268 938 quas
1296 887 1348 926 ob
1376 900 1512 925 causas
1536 900 1574 922 10

182 957 221 994 in
259 956 422 1007 Epirum
457 969 538 994 non
571 967 746 992 essemus
776 953 952 1004 profecti,
990 954 1099 1003 quod
1131 961 1169 991 et
1203 952 1354 990 Achaia
1392 965 1514 1002 prope

183 1029 285 1060 esset
314 1022 431 1071 plena
460 1018 814 1058 audacissimorum
845 1017 1094 1056 inimicorum
1130 1026 1167 1056 et
1195 1017 1319 1056 exitus
1347 1016 1514 1056 difficilis

182 1087 344 1125 haberet
366 1099 456 1123 cum
478 1085 572 1123 inde
593 1083 939 1134 proficisceremur.
1000 1082 1179 1121 Accessit
1206 1096 1297 1120 cum
1324 1080 1514 1131 Dyrrachi

182 1165 358 1191 essemus
398 1158 440 1188 ut
479 1151 560 1188 duo
603 1148 729 1188 nuntii
767 1150 1020 1194 adferrentur,
1063 1161 1164 1185 unus
1199 1149 1321 1186 classe
1356 1149 1512 1184 fratrem

184 1218 346 1267 Epheso
385 1216 574 1262 Athenas,
614 1216 711 1253 alter
749 1213 917 1264 pedibus
952 1227 1020 1263 pcr
1055 1212 1336 1251 Macedoniam
1368 1212 1510 1250 venire.
1535 1223 1571 1254 15

183 1284 325 1331 Itaque
346 1280 399 1318 illi
421 1280 579 1318 obviam
602 1279 779 1317 misimus
807 1280 984 1316 Athenas
1005 1286 1047 1316 ut
1075 1277 1167 1316 inde
1188 1277 1513 1315 Thessalonicam

183 1346 342 1385 veniret.
404 1344 485 1395 Ipsi
515 1344 778 1394 processimus
813 1351 851 1381 et
881 1342 1206 1381 Thessalonicam
1237 1356 1269 1380 a.
1300 1344 1337 1380 d.
1367 1355 1394 1379 x
1425 1343 1512 1379 Kal.

184 1411 319 1450 Iunias
358 1410 538 1449 venimus
586 1423 716 1459 neque
761 1411 810 1447 de
850 1408 951 1447 illius
992 1408 1130 1446 itinere
1170 1407 1383 1457 quicquam
1422 1406 1515 1445 certi

184 1478 430 1516 habebamus
451 1476 525 1514 nisi
553 1489 644 1514 eum
665 1476 716 1513 ab
744 1476 905 1525 Epheso
932 1482 1022 1513 ante
1050 1473 1252 1524 aliquanto
1282 1475 1512 1524 profectum.

141 1552 165 1578 2
186 1544 304 1580 Nunc
325 1540 411 1579 istic
439 1540 535 1590 quid
559 1548 693 1590 agatur
721 1553 864 1589 magno
885 1553 1002 1589 opere
1030 1539 1175 1586 timeo,
1205 1551 1445 1588 quamquam
1474 1545 1515 1575 tu
1537 1550 1576 1571 20

184 1609 304 1645 altera
335 1605 502 1656 epistula
533 1605 669 1643 scribis
706 1605 844 1643 Idibus
882 1604 998 1643 Maiis
1037 1605 1162 1643 audiri
1202 1606 1282 1642 fore
1315 1612 1356 1641 ut
1390 1602 1516 1641 acrius

185 1673 457 1722 postularetur,
483 1672 604 1709 altera
634 1669 710 1707 iam
738 1683 823 1708 esse
852 1669 1015 1707 mitiora.
1077 1671 1154 1708 Sed
1183 1670 1279 1707 haec
1307 1676 1364 1707 est
1391 1667 1516 1718 pridie

185 1740 277 1776 data
306 1751 425 1787 quam
457 1736 531 1784 illa,
565 1750 644 1786 quo
674 1736 885 1774 conturber
916 1736 1047 1786 magis.
1111 1737 1250 1785 Itaque
1280 1748 1371 1773 cum
1406 1747 1517 1772 meus

187 1817 248 1841 me
289 1816 442 1840 maeror
475 1801 698 1840 cotidianus
733 1802 876 1839 lacerat
908 1809 946 1839 et
982 1801 1140 1839 conficit
1171 1808 1254 1838 turn
1288 1813 1380 1838 vero
1419 1800 1516 1837 haec

185 1867 320 1906 addita
340 1880 433 1905 cura
453 1866 515 1904 vix
536 1866 632 1904 mihi
653 1865 772 1904 vitam
794 1865 985 1916 reliquam
1007 1865 1108 1904 facit.
1163 1867 1241 1903 Sed
1262 1873 1299 1904 et
1321 1863 1516 1913 navigatio
1540 1878 1576 1909 25

184 1932 424 1983 perdifficilis
470 1931 542 1970 fuit
580 1939 619 1970 et
658 1931 721 1970 ille
761 1931 931 1969 incertus
971 1930 1038 1969 ubi
1073 1944 1146 1981 ego
1189 1944 1316 1969 essem
1355 1931 1517 1968 sortasse

185 1998 304 2037 alium
347 2010 504 2035 cursum
543 1995 689 2047 petivit.
750 1997 854 2034 Nam
895 1996 1073 2034 Phaetho
1108 1995 1267 2033 libertus
1306 2008 1397 2033 eum
1436 2007 1516 2032 non

232 2111 245 2131 1
268 2110 334 2139 quo
349 2099 426 2130 add.
443 2103 514 2130 velt.
606 2109 625 2128 2
650 2103 686 2129 ut
700 2098 831 2137 Rosius,
845 2099 881 2137 cf
895 2098 968 2129 Fin.
984 2109 1013 2129 v.
1029 2098 1071 2136 48
1085 2110 1090 2128 :
1117 2098 1163 2128 uti
1177 2098 1254 2128 com'.
1273 2097 1391 2128 Orelli:
1418 2098 1450 2127 ui
1463 2097 1516 2129 N:

186 2145 237 2175 cui
255 2144 305 2174 E:
332 2143 385 2174 ubi
406 2143 479 2173 Ms:
505 2143 574 2173 vidi
592 2142 665 2173 Ηπ.
688 2143 813 2172 Locum
839 2142 884 2172 ita
909 2142 1037 2182 rcfingit
1058 2141 1186 2176 Iunius,
1214 2153 1275 2172 nce
1302 2142 1358 2171 ubi
1384 2142 1518 2171 visurus

186 2198 248 2218 nec
276 2187 445 2226 quomodo
472 2187 672 2216 dimissurus
700 2187 763 2216 sim
854 2186 916 2216 sim
942 2197 984 2216 s:
1018 2196 1091 2215 sum
1116 2185 1203 2215 codd.
1234 2186 1325 2215 celeri
1479 2195 1518 2214 10

187 2231 371 2261 Brundisio
397 2229 474 2261 add.
499 2229 659 2260 Graevius
679 2229 875 2269 Wesenberg.
934 2229 974 2259 In
999 2228 1086 2258 codd.
1113 2229 1334 2268 proficiscens
1357 2233 1402 2267 ep.
1424 2233 1517 2268 prae-

186 2274 303 2305 cedenti
317 2274 514 2312 adiungitur
677 2283 730 2310 20,
752 2283 788 2302 21
818 2278 852 2302 tu
870 2273 974 2303 altera
992 2272 1031 2301 M
1048 2273 1189 2313 (marg.)
1208 2272 1248 2302 I:
1273 2278 1330 2303 tua
1348 2271 1445 2301 litera
1462 2270 1518 2300 Ml

186 2328 221 2347 21
243 2318 350 2347 audiri
365 2312 408 2347 Zb
424 2316 630 2357 lVesenberg:
649 2317 767 2346 audire
779 2316 836 2348 M:
859 2317 975 2346 audire
990 2320 1022 2346 te
1034 2315 1147 2345 Bailer
1232 2326 1272 2345 22
1290 2316 1518 2356 postularetur

186 2361 330 2391 Rosius:
358 2361 545 2399 postularet
568 2360 609 2389 M
627 2361 680 2401 (sc.
704 2359 837 2390 Clodius
847 2360 1026 2400 pomulam!
1042 2359 1081 2399 Q.
1092 2359 1253 2401 fi‘atrem)
1374 2368 1415 2398 23
1441 2368 1518 2388 con-

187 2404 303 2437 turber
318 2403 406 2434 codd.
422 2407 550 2446 praeter
566 2403 625 2435 H:
656 2403 839 2435 conturbor
854 2402 895 2432 H
908 2403 996 2444 vulg.
