1817 2832
663 157 776 196 EPP.
807 157 886 195 AD
914 156 1176 196 ATTICVM
1563 154 1671 192 VLi

274 270 357 310 eius
394 268 685 321 possessionem
723 268 763 307 in
802 282 880 319 qua
916 267 1062 306 animal
1100 266 1294 317 reliquum
1332 267 1484 305 nullum
1530 272 1599 304 est.

276 337 389 374 Haec
409 348 490 374 non
511 347 646 372 noram
669 341 763 379 tum,
779 346 869 371 curn
886 331 1115 371 Democrito
1136 339 1205 371 tuo
1224 345 1306 370 cum
1326 333 1480 370 locutus
1501 343 1598 368 sum.

275 399 449 438 Rhosica
479 412 571 436 vasa
605 397 799 436 mandavi.
867 398 945 436 Sed
979 398 1077 435 heus
1109 399 1174 434 tu!
1216 396 1311 446 quid
1346 395 1522 446 cogitas?
1561 394 1601 432 in

273 463 436 503 felicatis
460 462 638 501 lancibus
667 470 705 500 et
731 461 1059 511 splendidissimis
1086 460 1262 499 canistris
1289 460 1502 499 holusculis
1529 472 1601 498 nos

236 539 253 571 5
274 530 375 567 soles
396 541 571 578 pascere;
600 527 696 576 quid
712 535 749 564 te
770 526 810 564 in
825 525 926 563 vasis
946 525 1131 564 fictilibus
1152 525 1419 576 appositurum
1437 525 1603 575 putem?

275 594 397 643 Κέρας
417 591 583 630 Phemio
608 592 838 629 mandatum
860 597 918 629 est
932 604 943 638 ,-
971 589 1192 640 reperietur,
1216 591 1337 629 modo
1363 589 1510 640 aliquid
1535 591 1602 629 illo

274 658 437 709 dignum
459 664 582 695 canat.

330 722 554 760 Parthicum
592 721 742 760 bellum
782 720 996 770 impendet.
1068 719 1227 759 Cassius
1266 719 1416 770 ineptas
1455 720 1600 759 litteras
1622 730 1667 767 14

276 788 393 836 misit,
414 790 585 826 necdum
614 787 745 826 Bibuli
772 794 881 825 erant
908 788 1072 825 adlatae.
1134 786 1290 835 Quibus
1316 786 1483 825 recitatis
1504 795 1601 837 puto

218 866 258 888 10
275 854 357 892 fore
377 860 421 891 ut
439 853 653 903 aliquando
679 859 974 891 commoveatur
999 859 1167 889 senatus.
1229 850 1425 900 Equidem
1450 864 1536 889 sum
1560 851 1601 890 in

277 932 419 968 magna
447 918 569 956 animi
599 917 901 968 perturbatione.
965 917 1016 964 Si,
1045 924 1088 955 ut
1119 924 1225 966 opto,
1261 929 1342 954 non
1375 924 1602 966 prorogatur

275 991 453 1022 nostrum
485 983 698 1033 negotium,
734 983 864 1021 habeo
899 982 1059 1020 Iunium
1095 989 1133 1019 et
1165 980 1383 1029 Quintilem
1411 981 1450 1018 in
1480 989 1598 1020 metu.

277 1047 399 1095 Esto3
433 1048 533 1086 duos
561 1047 724 1096 quidem
751 1046 897 1084 mensis
924 1046 1132 1084 sustinebit
1161 1046 1336 1084 Bibulus.
1396 1045 1504 1094 Quid
1535 1045 1603 1084 illo

276 1113 343 1150 fiet
363 1125 481 1161 quern
502 1111 705 1161 reliquero,
728 1110 955 1161 praesertim
982 1110 1013 1149 si
1040 1112 1226 1148 fratrem?
1254 1109 1350 1159 quid
1371 1123 1433 1147 me
1457 1117 1599 1156 autern,

221 1189 256 1221 15
276 1177 307 1216 si
334 1191 415 1216 non
442 1184 521 1215 tam
551 1177 630 1216 cito
656 1177 839 1216 decedo?
888 1178 1036 1226 Magna
1064 1176 1179 1214 turba
1207 1182 1276 1213 est.
1341 1174 1442 1212 Mihi
1470 1182 1602 1213 tamen

276 1255 367 1281 curn
390 1241 578 1281 Deiotaro
598 1240 784 1280 convenit
803 1249 846 1279 ut
866 1240 930 1279 ille
950 1240 990 1278 in
1011 1240 1108 1278 meis
1129 1239 1264 1278 castris
1290 1246 1392 1277 esset
1412 1252 1501 1277 cum
1523 1238 1603 1277 suis

277 1306 400 1357 copiis
438 1306 634 1345 omnibus.
703 1306 840 1345 Habet
877 1313 1010 1344 autem
1048 1304 1220 1344 cohortis
1259 1303 1604 1353 quadringenarias

277 1380 410 1410 nostra
441 1380 636 1410 armatura
672 1383 776 1419 xxx,
807 1371 985 1421 equitum
1019 1382 1085 1409 cm
1118 1382 1195 1408 clo.
1256 1369 1339 1407 Erit
1371 1370 1422 1407 ad
1456 1376 1605 1407 susten-

278 1437 443 1474 tandum
474 1438 607 1486 quoad
638 1435 850 1486 Pompeius
879 1435 1034 1482 veniat3
1072 1434 1140 1484 qui
1169 1433 1305 1472 litteris
1335 1446 1431 1482 quas
1460 1434 1510 1472 ad
1541 1446 1604 1472 me

222 1519 260 1540 20
278 1501 397 1540 mittit
430 1501 622 1552 significat
652 1515 767 1539 suum
805 1500 1006 1551 negotium
1046 1499 1143 1537 illud
1180 1500 1272 1537 fore.
1338 1497 1530 1536 Hiemant
1563 1497 1604 1535 in

277 1574 409 1605 nostra
442 1565 644 1616 provincia
678 1565 833 1613 Parthi3
876 1571 1122 1614 exspectatur
1154 1563 1237 1614 ipse
1271 1563 1436 1602 Orodes.
1496 1562 1605 1612 Quid

277 1631 460 1682 quaeris?
496 1631 742 1681 aliquantum
768 1638 827 1668 est
852 1628 994 1680 negoti.

333 1698 394 1735 De
425 1695 556 1734 Bibuli
589 1695 721 1734 edicto
752 1694 850 1732 nihil
887 1693 980 1732 novi
1014 1701 1165 1744 praeter
1195 1692 1301 1731 illam
1332 1692 1605 1742 exceptionem
1625 1700 1669 1739 15

279 1762 329 1799 de
363 1775 440 1811 qua
473 1769 514 1799 tu
547 1762 599 1799 ad
637 1774 701 1799 me
739 1760 946 1810 scripseras
983 1759 1120 1797 ‘nimis
1154 1758 1258 1809 gravi
1291 1757 1532 1808 praeiudicio
1566 1757 1606 1795 in

222 1836 260 1867 25
279 1825 457 1863 ordinem
491 1826 692 1864 nostrum.’
755 1826 840 1874 Ego
873 1831 1005 1861 tamen
1039 1824 1169 1861 habeo
1208 1823 1504 1872 ἰσοδυναμοῦσαν
1537 1823 1606 1861 sed

279 1890 481 1928 tectiorem
511 1904 557 1928 ex
592 1892 640 1939 Q.
672 1889 783 1927 Muci
813 1891 857 1927 P.
883 1890 909 1926 f.
936 1888 1067 1926 edicto
1094 1887 1278 1933 Asiatico,
1310 1889 1458 1925 EXTRA
1488 1898 1604 1931 QVAM

279 1966 313 1992 SI
343 1966 410 1991 ITA
431 1966 648 1992 NEGOTIVM
676 1965 838 1992 GEsTVM
867 1965 939 1991 EsT
965 1964 1017 1990 VT
1044 1963 1096 1990 Eo
1124 1964 1242 1989 STARI
1274 1963 1361 1989 NON
1389 1963 1606 1989 OPORTEAT

280 2030 335 2056 Ex
361 2031 457 2056 ΗΒΕ
484 2031 607 2066 BONA,
628 2020 829 2067 multaque
854 2031 940 2055 sum
962 2024 1118 2054 secutus
1140 2017 1360 2062 Scaevolae,
1384 2016 1423 2053 in
1444 2015 1489 2053 iis
1510 2015 1607 2053 illud

279 2083 320 2120 in
353 2096 432 2132 quo
471 2082 545 2120 sibi
583 2082 803 2120 libertatem
841 2088 1004 2119 censent
1037 2080 1177 2119 Graeci
1217 2081 1364 2127 datam,
1396 2087 1437 2118 ut
1468 2078 1607 2118 Graeci

222 2159 260 2189 30
279 2147 379 2185 inter
417 2160 458 2185 se
496 2147 717 2196 disceptent
755 2145 834 2184 suis
872 2145 1033 2194 legibus.
1105 2147 1229 2182 Breve
1267 2152 1398 2182 autern
1433 2143 1606 2182 edictum

279 2220 337 2251 est
371 2219 528 2262 propter
561 2212 663 2249 hanc
697 2224 826 2248 mearn
860 2210 1036 2259 διαίρεσιν
1069 2210 1177 2258 quod
1209 2209 1366 2246 duobus
1399 2208 1607 2258 generibus

324 2311 343 2330 2
367 2298 459 2339 cum]
475 2309 574 2338 quum
588 2309 662 2329 cum
679 2297 799 2328 Rosius
868 2297 1009 2328 alterum
1023 2307 1097 2327 cum
1112 2296 1185 2327 add.
1201 2295 1320 2326 Laml).
1412 2305 1432 2335 3
1458 2296 1607 2326 Rhosica

281 2342 401 2373 vasaZ
417 2344 506 2379 (teste
516 2342 659 2382 Baitero)
676 2354 681 2373 :
709 2341 879 2372 Rhosiaca
895 2351 973 2371 vasa
985 2340 1016 2370 Z
1034 2342 1121 2379 (teste
1137 2339 1250 2378 Hosio)
1269 2350 1276 2369 :
1303 2339 1393 2369 rhosi
1417 2349 1550 2369 causam
1570 2338 1609 2368 M

285 2396 323 2416 10
348 2387 396 2416 inl
412 2386 463 2417 ΟΣ
480 2397 488 2416 :
511 2396 577 2416 om.
598 2390 626 2415 Δ
744 2387 782 2416 18
805 2385 864 2425 ad]
884 2384 915 2415 id
933 2384 1011 2416 coni.
1031 2382 1118 2414 Reid
1225 2391 1266 2422 31
1292 2386 1366 2414 ante
1382 2383 1512 2413 duobus
1529 2382 1606 2413 add.

281 2430 323 2460 de
342 2429 528 2470 chsenherg

1462 2468 1520 2498 12*
