1790 2837
617 119 732 158 EPP.
763 118 842 158 AD
871 119 1130 160 ATTICVM
1202 124 1205 127 '
1524 118 1555 157 1.
1573 117 1651 155 xix

199 228 331 280 potius
363 228 423 276 sit,
453 229 647 277 laudetur,
671 243 744 268 nos
778 229 1042 280 vituperemur
1077 228 1145 279 qui
1180 242 1260 268 non
1290 228 1420 279 potius
1451 227 1527 267 alia

199 295 432 342 laudemus;
470 307 712 344 quamquam
751 307 831 332 non
870 296 1142 347 ἐγκωμιαστικὰ
1186 301 1278 332 sunt
1316 295 1413 332 haec
1456 294 1526 333 sed

199 361 367 409 ἱστορικὰ
393 372 496 409 quae
524 359 741 397 scribimus.

251 423 426 473 Quintus
461 424 576 461 frater
608 431 746 473 purgat
779 436 822 461 se
861 422 956 460 mihi
989 436 1059 473 per
1093 422 1239 461 litteras
1274 430 1312 460 et
1344 423 1525 461 adfirmat
1545 426 1582 454 11

159 497 175 528 5
198 488 294 527 nihil
321 503 344 527 a
370 502 410 527 se
435 488 622 538 cuiquam
649 490 700 527 de
728 496 765 527 te
791 502 904 527 secus
925 502 1010 526 esse
1031 487 1193 526 dictum.
1253 490 1401 525 Verum
1429 488 1526 526 haee

197 553 312 592 nobis
350 566 482 592 coram
520 566 676 591 summa
707 566 802 591 cura
834 560 874 591 et
908 552 1111 602 diligentia
1144 560 1236 590 sunt
1268 553 1445 601 agenda3
1484 559 1525 590 tu

196 620 319 657 modo
351 632 424 656 nos
456 618 579 656 revise
613 617 837 667 aliquando.
900 617 1104 657 Cossinius
1139 617 1213 664 hic,
1247 617 1310 655 cui
1341 617 1434 655 dedi
1468 616 1526 655 lit·

195 689 306 729 teras,
336 684 450 720 valde
481 682 576 720 mihi
606 683 734 720 bonus
766 683 887 721 homo
912 690 951 720 et
986 696 1067 721 non
1097 682 1191 720 levis
1225 690 1264 720 et
1297 695 1433 720 amans
1468 681 1524 719 tui

194 747 300 785 visus
320 755 378 785 est
398 755 437 785 et
457 747 544 785 talis
565 749 723 797 qualem
744 760 830 785 esse
854 760 945 785 eum
971 754 1060 785 tuae
1088 746 1184 785 mihi
1204 746 1354 786 litterae
1373 746 1524 785 nuntia-

137 824 176 847 ιο
194 820 290 850 rant.
351 812 490 850 Idibus
513 811 675 850 Martiis.

234 929 322 963 XX
459 932 527 964 Scr.
548 933 677 963 Romae
688 936 764 973 post
779 933 827 963 iiii
835 932 884 964 Id.
903 932 1015 964 Maias
1031 944 1063 965 α.
1083 934 1147 975 694
1166 933 1248 976 (60).

602 1021 779 1052 CICERO
809 1021 981 1052 ATTICO
1015 1021 1113 1053 SAL.

246 1110 350 1148 Cum
369 1123 389 1147 e
411 1108 655 1160 Pompeiano
677 1123 741 1148 me
763 1110 935 1147 Romam
963 1108 1197 1160 recepissem
1217 1122 1249 1147 a.
1273 1110 1310 1148 d.
1335 1121 1397 1147 1111
1421 1110 1517 1148 Idus
1538 1117 1556 1144 1

191 1174 329 1221 Maias,
353 1174 516 1214 Cincius
545 1182 677 1212 noster
707 1187 794 1212 eam
825 1174 921 1212 mihi
947 1175 1018 1212 abs
1046 1182 1083 1212 te
1110 1174 1317 1224 epistulam
1346 1174 1519 1213 reddidit

134 1253 169 1285 ¹5
191 1253 308 1289 quam
340 1248 380 1278 tu
413 1239 552 1278 Idibus
584 1240 696 1278 Febr.
719 1241 895 1278 dederas.
956 1240 1003 1278 Ei
1031 1253 1136 1278 nunc
1164 1239 1353 1290 epistulae
1382 1239 1518 1278 litteris

191 1305 250 1343 his
271 1305 530 1354 respondebo.
590 1307 651 1343 Ac
672 1304 842 1354 primum
862 1304 933 1343 tibi
953 1313 1201 1355 perspectum
1222 1318 1308 1343 esse
1328 1304 1517 1343 iudicium

187 1371 239 1408 de
264 1377 302 1408 te
328 1383 461 1407 meum
488 1371 621 1417 laetor,
645 1369 792 1408 deinde
818 1377 855 1408 te
880 1369 920 1407 in
946 1369 991 1407 iis
1016 1370 1132 1408 rebus
1159 1383 1260 1419 quae
1286 1369 1383 1407 mihi
1409 1383 1517 1420 aspe-

186 1434 265 1472 rius
292 1448 315 1472 a
342 1434 456 1472 nobis
480 1441 600 1483 atque
628 1433 769 1472 nostris
797 1441 835 1471 et
862 1433 1114 1472 iniucundius
1143 1441 1253 1472 actae
1283 1433 1517 1472 videbantur

188 1498 545 1537 moderatissimum
570 1498 688 1537 fuisse
711 1498 1055 1537 vehementissime
1079 1500 1233 1548 gaudeo
1250 1498 1370 1548 idque
1386 1512 1516 1548 neque

127 1579 167 1601 20
186 1563 329 1601 amoris
368 1563 578 1602 mediocris
619 1571 657 1601 et
695 1563 827 1612 ingeni
865 1563 1008 1601 summi
1040 1577 1088 1601 ac
1121 1563 1335 1613 sapientiae
1369 1563 1512 1602 iudico.

187 1630 277 1677 Qua
310 1630 360 1667 de
395 1643 434 1667 re
466 1642 557 1667 curn
590 1630 642 1667 ad
678 1642 741 1667 me
775 1628 828 1666 ita
861 1628 1040 1675 suaviter,
1076 1628 1294 1678 diligentery
1327 1628 1511 1675 officiose,

184 1694 407 1732 humaniter
435 1694 633 1744 scripseris
665 1702 707 1732 ut
737 1707 817 1732 non
847 1695 969 1733 modo
996 1701 1034 1732 te
1060 1693 1204 1732 hortari
1233 1693 1400 1743 amplius
1432 1707 1513 1732 non

182 1759 351 1798 debeam
380 1760 451 1797 sed
480 1773 531 1798 ne
561 1767 786 1809 exspectare
816 1759 977 1809 quidem
1004 1760 1075 1797 abs
1103 1766 1140 1797 te
1164 1766 1233 1797 aut
1256 1759 1308 1796 ab
1335 1760 1414 1797 ullo
1445 1760 1513 1797 ho-

184 1824 289 1863 mine
322 1832 475 1862 tantum
514 1825 709 1863 facilitatis
744 1839 790 1863 ac
824 1824 1137 1862 mansuetudinis
1171 1823 1380 1874 potuerim,
1414 1824 1511 1862 nihil

124 1903 162 1935 25
183 1889 288 1927 duco
309 1902 393 1927 esse
415 1889 665 1928 commodius
688 1903 806 1939 quam
828 1890 880 1927 de
901 1889 960 1926 his
982 1889 1097 1926 rebus
1124 1888 1222 1925 nihil
1243 1888 1319 1926 iam
1338 1889 1510 1939 amplius

181 1953 359 1992 scribere.
419 1956 524 1994 Cum
562 1955 706 1993 erimus
744 1954 955 2004 congressi,
988 1962 1072 1992 tum
1110 1954 1143 1992 si
1181 1953 1276 2003 quid
1314 1967 1374 1992 res
1412 1955 1509 1993 feret

179 2031 311 2057 coram
345 2019 445 2058 inter
473 2033 545 2058 nos
574 2021 832 2059 conferemus.

236 2084 356 2131 Quod
380 2085 431 2123 ad
459 2098 521 2123 me
545 2086 598 2123 de
625 2098 664 2123 re
694 2084 853 2134 publica
880 2083 1028 2131 scribis,
1061 2084 1238 2134 disputas
1270 2091 1311 2122 tu
1341 2084 1503 2134 quidem
1524 2093 1548 2120 2

178 2154 218 2185 et
245 2156 423 2187 amanter
450 2156 489 2187 et
520 2151 742 2199 prudenter,
764 2156 803 2187 et
833 2163 856 2187 a
885 2149 981 2187 meis
1007 2149 1179 2187 consiliis
1201 2149 1297 2187 ratio
1327 2157 1393 2187 tua
1423 2163 1503 2188 non

120 2224 161 2255 ,30
177 2212 361 2251 abhorret
376 2227 386 2260 3
414 2226 506 2251 nam
531 2227 660 2263 neque
687 2215 738 2252 de
764 2221 866 2251 statu
890 2213 1005 2251 nobis
1033 2220 1188 2251 nostrae
1214 2213 1415 2262 dignitatis
1445 2221 1503 2252 est

225 2327 238 2346 1
263 2317 308 2347 sit
325 2317 436 2357 vulg.:
461 2317 487 2347 si
506 2316 620 2348 codd:
644 2328 708 2348 om.
733 2317 856 2356 Tyrrell
940 2327 959 2347 2
983 2317 1179 2349 laudemus?
1206 2316 1330 2348 Mz'iller
1420 2327 1457 2357 13
1482 2328 1501 2347 e

174 2359 250 2390 add.
271 2360 359 2400 vulg.
471 2370 512 2390 22
536 2364 610 2390 ante
626 2361 816 2391 humaniter
831 2359 904 2392 add.
924 2366 958 2391 et
976 2360 1017 2390 M
