1817 2832
641 160 645 195 j
683 152 794 188 EPP.
828 152 905 188 AD
936 143 1195 191 ATTICVM
1537 155 1614 193 III.
1641 156 1749 194 xxiii

270 293 274 296 ,
317 255 477 292 XXIII
581 259 649 293 Srr.
668 261 886 302 Dvrracln'pr.
907 263 949 293 K.
970 262 1043 294 Dec.
1061 273 1090 294 a.
1113 264 1177 304 696
1195 264 1284 303 (58).

692 337 866 368 CICERO
891 337 1061 369 ATTICO
1087 339 1183 370 SAL.

269 430 271 432 ·
327 414 374 452 A.
403 414 440 452 d.
467 426 492 452 v
524 416 610 453 Kal.
637 416 844 454 Decembr.
877 415 943 454 tris
972 416 1158 466 epistulas
1186 430 1210 456 a
1239 424 1276 457 te
1305 417 1450 469 accepi,
1478 432 1596 457 unam
1618 427 1634 454 1

275 479 407 516 datam
439 492 471 517 a.
505 481 541 517 d.
577 492 650 517 vl11
686 481 773 518 Kal.
810 480 1046 518 Novembris
1078 481 1117 518 in
1151 495 1229 531 qua
1263 496 1326 521 me
1358 483 1521 522 hortaris
1557 491 1599 521 ut

237 559 253 590 5
275 543 364 581 forti
390 543 523 582 animo
551 558 727 583 mensem
756 544 980 583 Ianuarium
1011 554 1245 596 exspectem,
1268 561 1393 598 eaque
1418 562 1518 598 quae
1547 549 1599 587 ad

274 622 383 658 spem
415 617 527 659 putas
555 610 747 659 pertinere
773 611 823 648 de
852 610 1008 648 Lentuli
1035 611 1178 658 studio,
1208 613 1258 650 de
1285 613 1435 651 Metelli
1464 615 1599 651 volun-

205 719 213 727 ·
271 680 362 720 tate,
385 675 435 712 de
463 682 544 712 tota
566 674 729 724 Pompei
757 674 906 713 ratione
933 675 1149 725 perscribis.
1211 678 1258 714 In
1286 679 1405 715 altera
1431 677 1599 727 epistula

21 711 196 770 Μ
272 746 423 788 praeter
448 739 777 777 consuetudinem
806 747 912 777 tuam
946 739 1051 778 diem
1081 754 1162 778 non
1191 741 1380 779 adscribis
1410 743 1479 780 sed
1506 743 1598 781 satis

272 803 465 854 significas
496 812 674 855 tempus3
704 806 787 854 lege
817 805 922 843 enim
950 806 1001 843 ab
1031 813 1121 843 octo
1151 805 1316 845 tribunis
1347 809 1396 857 pl.
1430 809 1599 857 promul-

214 881 252 904 10
270 878 359 918 gata
379 869 514 908 scribis
544 877 582 908 te
611 884 676 909 eas
704 870 847 909 litteras
875 885 922 909 eo
949 871 1034 921 ipso
1060 871 1124 910 die
1150 872 1318 920 dedisse,
1342 872 1382 911 id
1411 881 1468 911 est
1495 887 1526 911 a.
1557 875 1593 911 d.

270 946 335 972 1111
368 937 455 973 Kal.
489 935 736 982 Novembris,
768 944 806 973 et
836 936 930 985 quid
960 944 1072 986 putes
1102 936 1276 975 utilitatis
1306 951 1392 976 eam
1428 940 1598 987 promul-

270 999 468 1049 gationem
495 1001 670 1039 attulisse
701 1001 916 1050 perscribis.
978 1003 1025 1039 In
1055 1015 1134 1051 quo
1163 1002 1195 1040 si
1224 1002 1302 1040 iam
1332 1012 1464 1041 nostra
1493 1006 1596 1042 salus

271 1078 362 1102 cum
393 1066 465 1103 hac
500 1067 584 1115 lege
613 1067 818 1115 desperata
846 1066 930 1113 erit,
959 1066 1075 1105 velim
1104 1081 1174 1117 pro
1205 1075 1272 1105 tuo
1301 1068 1341 1106 in
1372 1082 1434 1107 me
1461 1082 1596 1108 amore

269 1129 373 1167 hanc
403 1129 561 1167 inanem
589 1143 717 1167 meam
747 1129 988 1180 diligentiam
1021 1130 1282 1169 miserabilem
1314 1132 1447 1182 potius
1477 1146 1596 1182 quam

214 1204 249 1235 15
270 1192 443 1243 ineptam
474 1201 598 1244 putes,
621 1194 681 1232 sin
711 1202 769 1232 est
797 1195 946 1244 aliquid
975 1195 1068 1245 spei,
1092 1197 1161 1234 des
1191 1210 1350 1246 operam
1379 1205 1420 1235 ut
1448 1198 1595 1237 maiore

268 1259 470 1309 diligentia
490 1261 655 1310 posthac
675 1274 697 1298 a
717 1260 858 1298 nostris
875 1260 1161 1310 magistratibus
1178 1263 1446 1301 defendamur.
1490 1265 1592 1301 Nam
1613 1275 1638 1303 2

269 1337 315 1361 ea
336 1332 510 1362 veterum
532 1324 777 1363 tribunorum
806 1327 855 1375 pl.
879 1325 1027 1375 rogatio
1058 1325 1129 1364 tria
1148 1326 1276 1376 capita
1300 1327 1451 1375 habuit,
1472 1342 1594 1366 unum

269 1389 320 1426 de
354 1388 480 1426 reditu
521 1402 610 1427 meo
649 1389 836 1439 scriptum
871 1389 1051 1437 incaute3
1097 1390 1194 1428 nihil
1237 1391 1342 1429 enim
1383 1392 1596 1431 restituitur

270 1462 422 1503 praeter
441 1453 638 1492 civitatem
666 1461 704 1492 et
725 1454 914 1501 ordinem,
937 1456 1046 1504 quod
1066 1455 1162 1492 mihi
1182 1469 1252 1505 pro
1274 1470 1363 1494 meo
1391 1470 1482 1495 casu
1504 1458 1595 1496 satis

211 1534 249 1555 20
270 1526 352 1565 est3
381 1520 450 1557 sed
480 1532 581 1568 quae
610 1520 786 1557 cavenda
814 1519 955 1557 fuerint
984 1527 1022 1557 et
1051 1533 1130 1569 quo
1160 1521 1281 1558 modo
1309 1528 1346 1559 te
1373 1534 1453 1559 non
1486 1521 1592 1571 fugit.

268 1584 447 1621 Alterum
464 1591 581 1633 caput
598 1592 655 1622 est
673 1583 903 1621 tralaticium
921 1585 971 1622 de
991 1584 1238 1634 impunitate,
1251 1587 1292 1624 S1
1311 1598 1411 1630 QVID
1427 1598 1594 1625 CONTRA

269 1659 385 1686 ALiAs
408 1660 534 1687 LEGEs
556 1660 646 1686 Elvs
670 1660 785 1686 Lssols
810 1661 921 1687 ERGO
947 1661 1109 1687 FACTVM
1132 1661 1203 1688 SIT.
1264 1650 1441 1688 Tertium
1463 1660 1593 1700 caput,

264 1711 320 1750 1111
338 1713 544 1763 Pomponi,
564 1727 643 1763 quo
658 1714 823 1752 consilio
844 1722 882 1752 et
902 1728 925 1752 a
945 1728 1023 1764 quo
1045 1714 1093 1752 sit
1112 1715 1352 1753 inculcatum
1368 1716 1467 1754 vide.
1510 1717 1593 1754 Scis

267 1778 373 1816 enim
403 1779 589 1818 Clodium
621 1779 793 1817 sanxisse
824 1787 865 1817 ut
895 1780 956 1817 vix
989 1788 1056 1817 aut
1085 1788 1127 1817 ut
1157 1780 1321 1819 omnino
1351 1795 1430 1819 non
1462 1789 1593 1831 posset

209 1857 246 1888 25
267 1856 340 1881 1166
365 1857 433 1893 per
458 1852 636 1882 senatum
666 1858 739 1882 nec
763 1858 831 1894 per
858 1847 1048 1894 populum
1076 1845 1261 1883 infirmari
1289 1859 1358 1883 sua
1385 1847 1454 1884 lex.
1515 1848 1592 1885 Sed

266 1907 374 1946 vides
408 1922 625 1958 numquam
658 1923 742 1947 esse
775 1910 998 1947 observatas
1038 1910 1260 1948 sanctiones
1295 1924 1428 1948 earum
1463 1912 1592 1961 legum

266 1986 366 2022 quae
397 1974 684 2023 abrogarentur.
746 1976 849 2012 Nam
882 1974 912 2012 si
947 1974 987 2013 id
1021 1983 1134 2022 esset,
1165 1977 1272 2013 nulla
1306 1977 1383 2013 fere
1414 1976 1591 2025 abrogari

265 2046 421 2086 posset3
469 2052 597 2088 neque
636 2039 740 2077 enim
781 2041 858 2077 ulla
896 2047 953 2077 est
987 2053 1087 2088 quae
1126 2054 1206 2078 non
1246 2040 1330 2090 ipsa
1365 2053 1405 2078 se
1445 2040 1592 2090 saepiat

265 2102 493 2141 difficultate
537 2103 810 2153 abrogationis.
871 2105 948 2142 Sed
993 2118 1083 2142 cum
1126 2106 1187 2142 lex
1231 2106 1452 2154 abrogatur,
1492 2104 1588 2142 illud

207 2181 246 2212 30
265 2166 394 2217 ipsum
423 2168 630 2217 abrogatur
659 2182 738 2217 quo
768 2170 888 2207 modo
918 2182 1004 2206 eam
1038 2169 1214 2218 abrogari
1247 2177 1433 2219 oporteat.
1495 2171 1587 2207 Hoc
1607 2178 1631 2215 3

309 2281 328 2309 3
355 2271 527 2303 Dccembr.
541 2271 739 2302 Asc-ansius:
765 2272 953 2310 Septembr.
967 2271 1052 2302 codd.
1148 2282 1187 2302 12
1211 2272 1391 2311 perscribis
1409 2271 1492 2302 Ant.
1514 2271 1567 2303 FZ
1582 2284 1588 2302 :

264 2315 383 2345 scribis
412 2319 440 2343 Δ
542 2319 655 2345 nostra
681 2315 802 2346 NHP:
838 2316 920 2345 haec
947 2320 1059 2345 nostra
1089 2314 1129 2344 M
1272 2317 1311 2345 16
1335 2315 1471 2356 nostris]
1493 2315 1589 2346 novis

267 2358 434 2388 Corradus
582 2369 623 2396 24
649 2363 684 2388 ut
701 2361 775 2388 (mle
790 2360 930 2388 omnino
947 2358 1067 2389 NOP:
1091 2369 1157 2388 om.
1177 2357 1263 2389 EMs
1427 2368 1470 2397 30
1493 2359 1590 2389 abro-

266 2407 362 2436 gatur
381 2402 405 2431 L
427 2401 565 2440 VmargA
583 2401 656 2431 Ant
673 2402 756 2431 Fz:
780 2402 1000 2440 abrogaretur
1016 2407 1043 2432 Δ
1231 2411 1297 2440 quo
1322 2402 1423 2433 modo
1440 2400 1498 2432 M:
1525 2412 1590 2441 quo

265 2454 332 2475 non
351 2439 396 2474 Zb
413 2445 603 2485 Malaspina
621 2457 627 2476 :
650 2455 716 2484 quo
734 2446 843 2476 minus
863 2445 960 2476 Klotz
975 2457 982 2476 ε
1004 2455 1103 2485 quom
1121 2445 1198 2476 coni.
1220 2445 1306 2475 Reid
