1817 2832
662 130 774 167 EPP.
806 129 885 166 AD
914 129 1174 168 ATTICVM
1402 131 1521 168 VIII.
1547 141 1606 167 xv
1625 143 1649 167 Α

227 241 385 282 Caesari
405 248 568 292 gratum,
591 240 687 279 mihi
707 254 799 279 vero
818 239 1080 290 gratissimum
1102 239 1255 279 medius
1277 240 1392 280 fidius
1413 241 1549 280 fecisti.

228 307 331 345 Nam
354 306 463 345 illum
484 305 581 345 tanti
601 305 701 344 facio
722 313 764 343 ut
784 319 865 344 non
886 306 1095 345 Caesarem
1117 305 1238 355 magis
1259 306 1429 356 diligam.
1476 305 1556 355 Qui

228 371 259 409 si
280 384 416 421 passus
447 378 548 409 esset
577 384 649 409 nos
673 383 821 417 secum,
842 377 883 408 ut
907 383 1246 417 consueveramus,
1276 370 1383 420 loqui
1411 378 1448 409 et
1477 384 1558 409 non

229 449 270 473 se
300 443 427 473 totum
457 435 574 473 etiarn
603 442 722 484 atque
751 434 869 473 etiarn
898 435 948 472 ab
979 448 1159 472 sermone
1188 443 1322 473 nostro
1341 435 1556 483 avertisset,

191 513 207 545 5
231 499 359 537 minus
389 499 505 538 miser
528 513 647 550 quam
675 513 761 537 sum
791 512 928 537 essem.
988 500 1091 537 Nam
1121 513 1215 537 cave
1236 508 1347 549 putes
1368 501 1444 538 hoc
1465 507 1560 538 tem-

229 577 324 614 pore
344 566 431 614 plus
453 578 516 602 me
536 577 775 614 quemquam
797 563 968 610 cruciari,
992 565 1099 613 quod
1127 578 1217 602 eum
1246 578 1363 614 quem
1384 573 1474 603 ante
1496 578 1559 603 me

232 628 352 678 diligo
372 629 488 667 video
508 628 548 666 in
569 630 775 667 consulatu
789 628 943 678 quidvis
965 628 1095 678 potius
1108 642 1193 667 esse
1207 642 1325 679 quam
1342 631 1556 668 consulem.

233 694 354 742 Quod
381 693 412 731 si
436 693 600 732 voluerit
627 693 697 732 tibi
724 694 994 743 obtemperare
1021 701 1060 731 et
1086 694 1200 732 nobis
1225 695 1275 733 de
1297 696 1463 734 Caesare
1484 707 1562 733 cre-

234 759 326 796 dere
365 765 402 796 et
441 760 688 796 consulatum
723 758 916 808 reliquum
949 760 1103 797 Rornae
1140 772 1334 809 peragere,
1375 759 1561 809 incipiam

177 839 214 861 ιο
234 835 388 872 sperare
409 823 526 860 etiam
556 823 721 861 consilio
745 831 902 861 senatus
926 830 1085 861 auctore
1106 831 1153 869 te,
1177 823 1244 862 illo
1264 825 1427 863 relatore
1449 826 1562 863 Pom-

234 886 367 937 peium
398 895 436 925 et
466 888 673 926 Caesarem
704 887 889 938 coniungi
917 900 1044 937 posse.
1105 889 1226 937 Quod
1251 888 1282 927 si
1310 890 1456 928 factum
1478 888 1559 936 erit,

236 965 299 990 me
320 951 412 990 satis
432 952 570 990 vixisse
591 953 749 1002 putabo.

291 1018 455 1054 Factum
472 1016 649 1056 Caesaris
670 1018 719 1055 de
736 1016 912 1056 Corfinio
932 1023 1057 1055 totum
1076 1024 1113 1055 te
1133 1018 1388 1067 probaturum
1410 1017 1491 1057 scio
1511 1025 1560 1065 et,
1583 1028 1608 1066 3

238 1094 318 1131 quo
347 1082 468 1119 modo
497 1080 537 1118 in
567 1080 649 1119 eius
679 1081 788 1120 modi
812 1095 863 1128 re,
885 1082 1135 1120 commodius
1161 1083 1301 1121 cadere
1329 1096 1409 1121 non
1436 1081 1563 1133 potuit

179 1161 216 1193 15
238 1159 356 1196 quarn
378 1153 420 1183 ut
440 1159 499 1184 res
520 1145 603 1184 sine
623 1145 812 1196 sanguine
831 1146 1029 1184 confieret.

292 1210 405 1249 Balbi
437 1210 513 1249 mei
547 1210 683 1260 tuique
712 1212 884 1249 adventu
916 1212 1154 1249 delectatum
1179 1218 1217 1250 te
1250 1212 1364 1250 valde
1397 1212 1562 1261 gaudeo.

239 1277 279 1315 Is
301 1288 575 1326 quaecumque
588 1274 658 1313 tibi
673 1276 723 1313 de
741 1276 907 1314 Caesare
927 1275 1024 1314 dixit
1044 1289 1224 1326 quaeque
1241 1277 1386 1316 Caesar
1399 1275 1565 1326 scripsit,

238 1340 331 1387 scio,
354 1353 394 1378 re
414 1339 485 1378 tibi
505 1338 698 1389 probabit,
721 1352 995 1390 quaecumque
1019 1341 1174 1378 fortuna
1193 1339 1276 1379 eius
1306 1340 1430 1388 fuerit,
1453 1339 1566 1379 veris—

237 1405 336 1443 sime
355 1404 566 1454 scripsisse.

181 1577 223 1600 ²0
284 1566 394 1601 XVI
484 1569 553 1601 scr.
575 1570 608 1601 in
624 1570 805 1601 Formiano
821 1571 852 1602 iv
868 1571 955 1602 Non.
977 1571 1078 1602 Mart.
1098 1581 1129 1602 α.
1152 1580 1207 1611 705
1225 1571 1311 1612 (49).

717 1658 891 1689 CICERO
916 1658 1100 1689 ATTICO.

294 1739 440 1779 Omnia
468 1739 564 1778 mihi
590 1740 745 1790 provisa
767 1749 857 1778 sunt
887 1749 1037 1790 praeter
1060 1742 1259 1779 occultum
1287 1749 1325 1780 et
1349 1749 1475 1781 tutum
1497 1742 1568 1781 iter
1586 1755 1604 1782 1

239 1804 290 1842 ad
311 1817 416 1842 mare
436 1817 631 1854 superum.
691 1807 784 1843 Hoc
811 1805 916 1843 enim
942 1805 1036 1843 mari
1063 1805 1119 1843 uti
1146 1819 1226 1844 non
1253 1819 1462 1856 possumus
1492 1808 1568 1845 hoc

241 1876 418 1917 ternpore
437 1868 540 1906 anni.
601 1870 700 1907 Illuc
720 1877 850 1908 autem
880 1883 959 1919 quo
987 1877 1136 1919 spectat
1162 1869 1316 1908 animus
1345 1878 1382 1909 et
1408 1885 1487 1921 quo
1508 1885 1568 1910 res

185 1948 223 1980 ²5
241 1940 366 1979 vocat,
389 1945 467 1982 qua
486 1932 674 1971 veniam?
730 1935 967 1973 Cedendum
989 1934 1093 1972 enim
1116 1942 1173 1972 est
1195 1935 1379 1982 celeriter,
1403 1949 1452 1974 ne
1470 1937 1568 1974 forte

243 2010 320 2046 qua
341 2010 380 2034 re
400 1996 591 2046 impediar
609 2005 728 2047 atque
753 1998 909 2048 adliger.
970 2000 1056 2036 Nec
1076 2012 1168 2037 vero
1195 1999 1258 2037 ille
1285 2013 1348 2038 me
1372 2000 1480 2038 ducit
1501 2000 1568 2050 qui

243 2060 420 2108 videtur,
449 2074 567 2110 quem
597 2075 669 2111 ego
699 2062 900 2100 hominem
936 2065 1248 2102 ἀπολιτικώτατον
1278 2064 1455 2102 omnium
1490 2064 1567 2102 iam

243 2132 335 2162 ante
366 2138 588 2174 cognoram,
625 2139 730 2164 nunc
759 2140 850 2164 vero
881 2127 998 2166 etiam
1031 2130 1413 2179 ἆστρατηγητότατον.
1474 2130 1568 2167 Non

288 2237 307 2265 4
331 2231 431 2265 atque
455 2227 555 2257 etiam
582 2227 773 2267 Malaspina
802 2227 1009 2268 Wesenberg:
1041 2234 1075 2260 et
1100 2234 1167 2260 tarn
1192 2231 1292 2261 etiam
1312 2230 1388 2261 M1:
1413 2231 1512 2261 etiam
1533 2235 1567 2262 et

246 2271 346 2301 etiam
372 2269 440 2300 M²=
464 2270 565 2300 etiam
583 2270 697 2301 Baiter
802 2282 839 2310 13
864 2278 896 2302 te
919 2272 1078 2303 Vrs‘nus:
1102 2284 1154 2303 me
1173 2272 1212 2302 M
1285 2275 1363 2304 scio.
1392 2279 1425 2304 et
1449 2274 1564 2306 Klotz:

246 2314 329 2343 sciet
346 2311 387 2342 M
560 2323 597 2353 15
623 2315 784 2344 confieret
797 2315 841 2345 C:
867 2325 940 2345 cum
960 2316 1032 2346 fieri
1051 2317 1118 2346 eiet
1130 2316 1186 2346 M:
1211 2318 1382 2347 transierit
1401 2317 1442 2346 M
1456 2328 1563 2357 marg.

246 2355 572 2429 ἀεζτρατηγητῗτατον
601 2357 742 2395 Tyrrell:
777 2361 1259 2390 ACTPATHI'HTOATAATON
1284 2360 1344 2391 M:
1374 2361 1567 2402 ἀστρατηγι-

247 2411 390 2430 ΚωταΤΟΙΙ
407 2410 450 2430 vu
459 2410 494 2440 g.
