1817 2832
165 125 281 163 VIII.

252 565 270 593 1

246 1939 272 1966 2

305 125 404 164 xiie
665 125 720 162 M.
753 125 921 162 TVLLI
953 124 1260 164 CICERONIS

933 287 978 326 C.

588 388 658 422 Ser.
676 388 830 420 Luceriae
845 389 901 420 xiv
918 388 960 420 K.
982 388 1083 420 Mart.
1105 399 1136 420 a.
1161 399 1216 429 705
1233 388 1320 431 (49).

373 472 444 504 CN.
471 472 667 504 MAGNVS
695 472 893 503 PROCOS.
922 472 955 503 S.
984 472 1022 504 D.
1052 473 1088 503 L.
1116 472 1315 504 DOMITIO
1342 472 1539 506 PROCOS.

342 551 509 589 Litteras
528 552 599 589 abs
627 558 664 589 te
686 552 741 588 M.
767 550 952 590 Calenius
978 551 1029 588 ad
1057 564 1120 588 me
1146 550 1275 589 attulit
1294 564 1327 589 a.
1350 552 1387 589 d.
1410 563 1505 589 xlm
1531 552 1622 590 Kal.

289 616 452 654 Martias
469 632 478 663 3
520 616 559 654 in
593 616 736 666 quibus
766 615 901 654 litteris
933 615 1069 654 scribis
1103 615 1175 653 tibi
1208 615 1248 654 in
1278 616 1412 654 animo
1441 629 1527 655 esse
1558 616 1625 655 ob-

287 694 439 719 servare
460 683 669 721 Caesarem
691 689 739 728 et,
762 681 793 719 si
814 682 1034 719 secundum
1056 695 1161 719 mare
1181 683 1232 720 ad
1254 695 1316 720 me
1336 681 1390 720 ire
1417 681 1623 732 coepisset,

288 746 498 785 confestim
537 746 577 784 in
615 746 820 785 Samnium
858 748 909 784 ad
949 760 1012 784 me
1043 754 1262 794 venturum,
1297 746 1357 785 sin
1389 754 1522 785 autem
1560 746 1625 785 ille

290 810 437 849 circum
468 811 587 850 istaec
621 813 708 850 loca
741 819 1060 859 commoraretur,
1092 819 1130 850 te
1160 811 1206 859 ei,
1238 811 1271 850 si
1303 811 1464 862 propius
1497 824 1624 850 acces—

288 877 411 925 sisset,
443 878 619 917 resistere
648 880 756 916 velle.

342 945 401 982 Te
429 943 563 981 animo
594 957 736 993 magno
764 951 801 981 et
831 943 920 982 forti
949 943 1062 981 istam
1092 956 1173 981 rem
1197 956 1311 993 agere
1340 942 1529 989 existimo,
1553 943 1623 981 sed

287 1008 513 1058 diligentius
552 1009 667 1047 nobis
706 1016 764 1047 est
803 1008 1020 1047 videndum
1066 1022 1116 1047 ne
1163 1008 1339 1047 distracti
1383 1021 1494 1058 pares
1538 1021 1624 1046 esse

286 1074 509 1112 adversario
541 1088 621 1112 non
653 1074 860 1124 possimus,
896 1088 985 1113 cum
1021 1074 1085 1113 ille
1120 1088 1281 1124 magnas
1313 1073 1446 1123 copias
1480 1073 1625 1112 habeat

288 1147 326 1177 et
365 1140 531 1178 maiores
563 1139 672 1178 brevi
707 1140 909 1178 habiturus
944 1139 1002 1178 sit.
1063 1141 1156 1178 Non
1195 1139 1301 1178 enim
1332 1152 1403 1189 pro
1435 1146 1501 1177 tua
1538 1152 1625 1189 pru-

287 1205 422 1243 dentia
443 1206 565 1243 debes
595 1205 691 1243 illud
719 1207 847 1243 solum
874 1204 1185 1243 animadvertere
1212 1212 1308 1254 quot
1335 1204 1375 1242 in
1405 1203 1625 1254 praesentia

287 1269 460 1308 cohortis
482 1278 617 1308 contra
639 1278 676 1308 te
697 1270 840 1308 habeat
862 1271 1007 1309 Caesar
1030 1271 1100 1308 sed
1131 1278 1297 1320 quantas
1318 1269 1425 1308 brevi
1446 1277 1624 1320 tempore

286 1336 464 1386 equitum
491 1343 529 1374 et
556 1335 733 1385 peditum
764 1336 898 1386 copias
928 1344 1198 1374 contracturus
1226 1336 1283 1374 sit.
1344 1335 1419 1375 Cui
1444 1335 1498 1373 rei
1521 1334 1625 1373 testi-

287 1400 423 1439 monio
444 1409 534 1439 sunt
554 1400 703 1439 litterae
724 1414 820 1450 quas
853 1400 1067 1439 Bussenius
1094 1402 1145 1439 ad
1170 1415 1234 1439 me
1261 1401 1389 1449 misit3
1419 1400 1459 1438 in
1479 1399 1624 1450 quibus

287 1465 430 1512 scribit,
465 1466 505 1504 id
540 1467 648 1515 quod
679 1467 729 1504 ab
760 1466 845 1504 aliis
878 1480 1037 1516 quoque
1072 1466 1168 1504 mihi
1203 1466 1394 1514 scribitur,
1430 1464 1624 1516 praesidia

288 1531 503 1570 Curionem
535 1545 636 1580 quae
670 1531 709 1568 in
741 1531 907 1570 Vmbria
940 1540 977 1570 et
1011 1532 1152 1570 Tuscis
1183 1539 1292 1570 erant
1325 1532 1556 1569 contrahere
1585 1536 1623 1568 et

286 1598 337 1634 ad
368 1598 577 1635 Caesarem
608 1596 679 1634 iter
707 1598 844 1635 facere.
904 1598 1018 1646 Quae
1047 1597 1079 1635 si
1109 1597 1247 1646 copiae
1273 1597 1313 1634 in
1339 1610 1461 1634 unum
1489 1597 1622 1634 locum

287 1661 430 1699 fuerint
459 1669 634 1708 coactae,
654 1669 696 1699 ut
725 1675 813 1711 pars
843 1661 1033 1700 exercitus
1063 1663 1113 1699 ad
1146 1662 1290 1699 Albam
1321 1661 1504 1706 mittatur,
1534 1672 1622 1709 pars

286 1729 337 1765 ad
368 1735 405 1765 te
434 1727 610 1773 accedat,
631 1733 672 1763 ut
694 1740 772 1764 non
804 1734 951 1776 pugnet
981 1727 1050 1764 sed
1081 1725 1176 1763 locis
1204 1725 1283 1763 suis
1312 1732 1512 1774 repugnet,
1535 1725 1624 1762 hae-

287 1792 389 1831 rebis
428 1805 557 1841 neque
596 1793 701 1829 solus
740 1804 831 1829 cum
871 1791 943 1829 ista
988 1791 1102 1841 copia
1140 1798 1289 1828 tantam
1328 1788 1622 1828 multitudinem

288 1857 479 1896 sustinere
509 1856 653 1907 poteris
683 1864 724 1894 ut
754 1858 1034 1895 frumentatum
1065 1870 1140 1895 eas.

345 1924 476 1972 Quam
506 1922 559 1959 ob
587 1935 669 1960 rem
697 1930 734 1960 te
762 1935 905 1972 magno
932 1935 1050 1971 opere
1076 1922 1211 1959 hortor
1237 1928 1279 1959 ut
1303 1934 1421 1970 quarn
1451 1919 1621 1970 primum

289 2002 380 2027 cum
412 1987 598 2026 omnibus
632 1987 755 2037 copiis
790 1988 866 2025 hoc
900 1987 1043 2025 venias.
1104 1988 1298 2025 Consules
1336 1985 1624 2024 constituerunt

289 2053 394 2091 idem
430 2054 565 2091 facere.
627 2054 712 2101 Ego
745 2054 799 2090 M.
832 2051 1008 2090 Tuscilio
1041 2053 1091 2089 ad
1126 2058 1164 2089 te
1196 2052 1382 2089 mandata
1412 2050 1505 2089 dedi
1538 2063 1625 2100 pro-

289 2118 506 2156 videndum
527 2131 612 2156 esse
639 2131 688 2155 ne
713 2119 814 2155 duae
844 2117 1017 2166 legiones
1045 2117 1127 2155 sine
1156 2116 1369 2155 Picentinis
1394 2115 1622 2154 cohortibus

334 2234 352 2261 4
378 2223 563 2252 Canuleius
583 2220 751 2252 Corradus
899 2230 936 2259 13
961 2221 1173 2260 providentia
1193 2220 1221 2250 C
1352 2221 1389 2250 18
1414 2219 1488 2250 aliis
1505 2218 1621 2249 Mem:

292 2266 356 2296 illis
381 2266 468 2296 rodd.
629 2266 670 2295 26
694 2265 851 2294 omnibus
876 2265 983 2303 copiis
1000 2264 1182 2303 EORffls,
1210 2264 1248 2302 cf
1269 2266 1283 2299 5
1307 2274 1318 2294 1
1342 2264 1415 2303 (ter)
1433 2267 1471 2301 et,
1492 2266 1506 2300 5
1525 2273 1544 2292 2
1562 2262 1581 2292 l.
1602 2262 1623 2292 6

290 2310 382 2340 omni
401 2310 516 2348 copias
535 2308 609 2339 JW:
635 2309 726 2338 omni
745 2308 842 2347 copia
864 2308 951 2347 Isset„
972 2308 1008 2347 cs.
1024 2311 1038 2344 ξ
1056 2318 1067 2336 1
1087 2308 1107 2338 l.
1124 2317 1176 2346 23,
1200 2311 1214 2345 ξ
1234 2317 1253 2345 3
1270 2307 1283 2337 l
1311 2309 1361 2347 16,
1379 2311 1408 2338 ct
1426 2316 1498 2336 12A
1518 2316 1542 2343 1,
1557 2315 1586 2344 3,
1602 2316 1621 2343 4

291 2354 353 2383 hoc
372 2354 513 2392 (zhuc)
533 2351 581 2391 M,
599 2353 634 2391 cf.
656 2348 693 2382 12
706 2362 726 2381 n
744 2362 763 2381 2
779 2356 807 2382 et
823 2352 920 2382 Fam.
936 2362 967 2382 x.
986 2361 1033 2382 11.
1050 2362 1069 2381 2
1085 2363 1092 2382 :
1117 2352 1181 2382 huc
1198 2351 1287 2391 vulg.
1433 2350 1475 2380 28
1500 2349 1558 2390 ne]
1578 2358 1621 2379 ne

290 2397 355 2427 hae
373 2397 557 2434 Lehmann,
578 2396 642 2426 coll.
661 2406 698 2425 12
716 2406 738 2425 Α
750 2406 769 2425 2

1644 627 1661 660 5

1646 956 1685 980 10

1646 1279 1683 1313 15

1642 1612 1682 1634 20

1642 1935 1682 1968 25
