1817 2832
175 121 269 159 VII.
294 122 415 160 xiiia.
621 123 677 160 M.
709 122 879 159 TVLLI
911 120 1218 160 CICERONIS

266 234 402 272 sciam.
463 232 675 282 Pompeius
704 246 727 270 a
758 234 896 270 Teano
929 231 1117 269 Larinum
1149 244 1281 269 versus
1315 231 1513 281 profectus
1543 236 1601 268 est

270 310 304 334 a.
336 298 373 335 d.
406 309 479 334 V111
508 298 595 336 Kal.
657 298 717 335 Eo
746 296 810 335 die
840 296 984 334 mansit
1008 295 1180 334 Venafri.
1240 297 1326 334 Iam
1356 296 1602 346 aliquantum

268 361 390 399 animi
410 361 562 399 videtur
588 361 703 400 nobis
726 361 915 400 adtulisse
941 361 1152 399 Labienus.
1213 362 1290 399 Sed
1320 374 1392 411 ego
1422 361 1602 399 nondum

269 426 401 464 habeo
420 427 528 475 quod
548 427 599 464 ad
620 433 658 464 te
678 440 725 464 ex
745 425 805 464 his
825 425 921 464 locis
942 425 1112 464 scribam
1126 440 1137 474 3
1165 425 1239 464 ista
1260 426 1382 476 magis
1403 432 1599 476 exspecta

270 490 367 540 quid
387 490 482 528 illim
503 492 708 537 adferatur,
732 504 813 540 quo
843 498 960 541 pacto
986 492 1037 529 de
1064 490 1244 529 Labieno
1268 492 1375 538 ferat,
1398 490 1495 540 quid
1515 497 1604 541 agat
1624 504 1641 536 5

272 555 472 593 Domitius
492 555 532 593 in
554 555 706 603 Marsis,
732 556 844 605 Iguvi
864 557 1070 602 Thermus,
1096 558 1136 594 P.
1155 555 1288 594 Attius
1309 555 1479 606 Cinguli,
1502 569 1604 606 quae

271 620 320 658 sit
350 620 488 670 populi
517 620 656 658 urbani
688 622 880 667 voluntas,
915 634 1017 671 quae
1048 628 1116 659 tua
1148 620 1375 659 coniectura
1405 622 1456 659 de
1486 621 1604 659 rebus

271 685 419 724 futuris.
494 687 607 724 Haec
646 685 763 724 velim
803 686 940 724 crebro
978 692 1017 724 et
1055 685 1152 735 quid
1184 685 1255 724 tibi
1289 687 1340 724 de
1375 685 1604 724 mulieribus

271 750 413 789 nostris
447 751 599 800 placeat
629 757 667 789 et
697 750 793 800 quid
824 758 980 788 acturus
1012 749 1096 800 ipse
1131 750 1183 789 sis
1215 750 1372 789 scribas.
1445 750 1485 789 Si
1516 749 1605 788 scri-

271 816 404 854 berem
443 815 537 865 ipse,
578 815 730 865 longior
768 814 935 866 epistula
972 815 1119 864 fuisset,
1153 817 1223 854 sed
1262 815 1407 855 dictavi
1446 822 1604 867 propter
1627 833 1665 856 10

270 879 558 931 lippitudinem.

315 985 425 1020 XIV
551 989 619 1021 Ser.
642 989 775 1021 Calibus
789 1001 820 1021 a.
839 990 868 1022 d.
888 990 977 1022 viK.
997 990 1084 1022 Febr.
1106 1001 1136 1022 a.
1160 1001 1215 1031 705
1234 991 1318 1032 (49).

693 1062 867 1094 CICERO
891 1063 1066 1094 ATTICO
1093 1063 1190 1095 SAL.

235 1147 254 1175 1
327 1136 374 1173 A.
404 1135 441 1174 d.
473 1147 514 1173 vl
547 1135 634 1173 Kal.
667 1135 778 1173 Febr.
812 1136 991 1184 Capuam
1023 1135 1187 1174 Calibus
1217 1135 1481 1185 proficiscens,
1514 1149 1605 1174 cum

273 1199 409 1239 leviter
447 1199 636 1249 lippirem,
679 1200 748 1237 has
787 1199 932 1238 litteras
971 1199 1075 1238 dedi.
1154 1202 1196 1238 L.
1236 1201 1381 1239 Caesar
1419 1201 1605 1239 mandata
1629 1216 1663 1248 15

275 1264 453 1304 Caesaris
480 1264 619 1302 detulit
646 1265 697 1302 ad
725 1264 960 1314 Pompeium
987 1278 1019 1302 a.
1044 1265 1080 1303 d.
1105 1277 1179 1302 V111
1204 1266 1306 1312 Kal,
1329 1278 1421 1303 cum
1448 1264 1479 1302 is
1503 1272 1606 1304 esset

275 1342 367 1367 cum
398 1328 627 1367 consulibus
659 1328 795 1367 Teani.
856 1330 1025 1367 Probata
1059 1329 1245 1368 condicio
1276 1338 1344 1377 est,
1382 1331 1452 1368 sed
1482 1329 1535 1368 ita
1564 1338 1606 1369 ut

276 1394 340 1432 ille
361 1395 411 1432 de
432 1393 477 1431 iis
498 1393 654 1443 oppidis
676 1407 777 1444 quae
798 1401 904 1433 extra
924 1408 1035 1432 suam
1060 1394 1303 1445 provinciam
1334 1395 1606 1445 occupavisset

275 1458 469 1509 praesidia
489 1459 713 1497 deduceret.
759 1460 807 1498 Id
828 1458 859 1497 si
875 1458 1040 1507 fecisset,
1064 1473 1296 1509 responsum
1318 1467 1376 1498 est
1395 1462 1447 1499 ad
1468 1461 1606 1499 urbem

277 1537 350 1561 nos
371 1522 562 1562 redituros
583 1537 669 1562 esse
695 1531 733 1562 et
753 1537 834 1562 rem
862 1537 931 1574 per
957 1532 1137 1562 senatum
1164 1526 1423 1563 confecturos.
1483 1527 1606 1575 Spero
1627 1541 1668 1563 20

277 1601 394 1639 posse
414 1588 454 1626 in
474 1588 693 1639 praesentia
713 1602 851 1638 pacem
873 1603 946 1628 nos
967 1590 1111 1628 habere
1126 1605 1136 1637 3
1165 1603 1257 1628 nam
1279 1597 1316 1628 et
1337 1590 1446 1628 illum
1468 1591 1607 1630 furoris

236 1661 316 1693 2et
355 1654 462 1690 hunc
500 1661 676 1691 nostrum
716 1653 918 1703 copiarum
958 1655 1216 1704 suppaenitet.
1292 1657 1361 1694 Me
1394 1655 1607 1706 Pompeius

280 1718 458 1767 Capuam
480 1717 611 1756 venire
632 1717 754 1756 voluit
781 1726 819 1756 et
847 1718 1032 1757 adiuvare
1058 1720 1272 1767 dilectum,
1302 1720 1341 1758 in
1363 1734 1442 1771 quo
1469 1735 1607 1771 parum

279 1782 427 1832 prolixe
456 1784 697 1832 respondent
726 1785 921 1834 Campani
950 1786 1092 1824 coloni.
1153 1786 1400 1825 Gladiatores
1429 1787 1609 1826 Caesaris

278 1847 346 1897 qui
377 1848 537 1897 Capuae
567 1855 667 1895 sunt,
691 1849 741 1887 de
770 1849 913 1899 quibus
941 1858 1033 1888 ante
1062 1852 1112 1889 ad
1143 1858 1180 1889 te
1207 1853 1347 1889 falsum
1375 1865 1422 1890 ex
1445 1854 1492 1890 A.
1515 1854 1610 1890 Tor·
1631 1866 1667 1897 25

278 1912 386 1962 quati
408 1912 543 1951 litteris
564 1913 805 1963 scripseram,
829 1928 923 1953 sane
943 1917 1156 1954 commode
1178 1916 1391 1966 Pompeius
1412 1916 1610 1957 distribuit

279 1978 394 2016 binos
424 1977 584 2028 singulis
614 1979 789 2028 patribus
814 1979 1058 2019 familiarum.
1118 1982 1326 2019 Scutorum
1355 1981 1395 2019 in
1421 1983 1517 2021 ludo
1545 1994 1611 2021 100

279 2044 445 2082 fuerunt.
507 2043 765 2093 Eruptionem
786 2044 923 2082 facturi
950 2045 1068 2084 fuisse
1089 2045 1331 2085 dicebantur.
1391 2048 1493 2085 Sane
1514 2049 1611 2085 mul-

280 2116 364 2146 tum
385 2107 424 2145 in
445 2121 493 2146 eo
513 2108 566 2146 rei
587 2108 769 2158 publicae
790 2109 987 2159 provisum
1009 2117 1077 2148 est.

324 2224 344 2244 2
367 2213 518 2245 Venafri.
567 2212 638 2244 Iam
662 2213 835 2245 Bic'clzeler:
860 2214 1054 2245 Venafriam
1081 2215 1122 2245 M
1252 2225 1269 2254 7
1295 2220 1350 2246 tua
1373 2226 1440 2248 om.
1464 2215 1506 2246 M
1521 2216 1611 2247 solus

281 2257 301 2286 8
327 2257 466 2288 futuris:
492 2258 575 2288 haec
599 2258 689 2297 vulg.
815 2268 853 2287 21
882 2268 983 2297 posse
1009 2258 1137 2289 Moser:
1162 2269 1239 2290 esse
1263 2259 1350 2291 codd.
1371 2271 1377 2290 :
1401 2270 1467 2290 om.
1487 2260 1611 2291 Scln‘c'tz

282 2310 322 2339 25
347 2300 377 2330 A
404 2301 513 2333 Crat.:
539 2311 602 2332 om.
625 2300 665 2331 M
798 2311 837 2340 27
865 2302 1043 2332 Scutorum
1068 2302 1167 2335 codd..
1188 2303 1224 2342 cs.
1244 2302 1314 2334 Mil.
1332 2305 1392 2342 64:
1416 2309 1609 2335 secutorum

284 2344 386 2418 gistis
453 2353 505 2375 cm
529 2339 574 2375 Zb
721 2355 763 2385 29
787 2345 958 2385 provisum
983 2345 1020 2375 I:
1046 2346 1214 2385 prolixum
1240 2346 1299 2377 M:
1325 2347 1511 2386 profectum
1529 2347 1606 2380 coni.

318 2398 347 2416 re
373 2398 382 2418 z
