1817 2832
191 132 310 170 VIII.
330 132 390 169 xii
407 144 432 170 A
668 131 726 168 Μ.
757 129 927 167 TVLLI
956 128 1263 168 CICERONIS

245 252 270 280 2
345 245 463 282 Nunc
493 242 632 281 scitote
662 255 725 280 me
752 254 837 280 esse
866 239 906 278 in
934 253 1087 278 summa
1117 237 1391 277 sollicitudine.
1451 239 1555 276 Nam
1587 243 1624 276 et

289 316 347 347 tot
378 316 416 346 et
448 307 533 346 talis
565 307 667 345 viros
701 306 876 357 periculo
907 304 1126 344 obsidionis
1153 304 1316 342 liberare
1343 302 1461 353 cupio
1495 316 1624 353 neque
1672 292 1673 295 Ἰ

289 372 467 412 subsidio
494 372 548 410 ire
577 385 750 422 possum,
773 371 881 420 quod
912 370 971 407 his
1001 370 1155 408 duabus
1182 367 1403 418 legionibus
1428 381 1508 405 non
1529 375 1625 417 puto

291 451 376 476 esse
415 436 747 476 committendum
786 443 828 474 ut
866 434 958 473 illuc
992 436 1197 481 ducantur,
1231 447 1278 471 ex
1316 432 1459 482 quibus
1493 439 1626 470 tamen

290 517 371 542 non
409 503 577 553 amplius
616 514 711 540 X1111
751 501 924 540 cohortis
962 501 1193 538 contrahere
1226 498 1348 548 potui,
1383 498 1491 548 quod
1528 499 1662 541 duas5

292 568 546 607 Brundisium
577 567 665 606 misi
695 581 823 617 neque
854 565 1072 606 Canusium
1103 564 1186 603 sine
1213 563 1419 614 praesidio,
1442 564 1538 602 dum
1562 564 1628 601 ab-

290 647 429 681 essem,
462 633 595 683 putavi
625 647 710 671 esse
739 631 1032 671 dimittendum.

248 707 272 743 3
348 701 395 738 D.
421 698 556 737 Laelio
577 699 817 744 mandaram,
840 685 948 747 quod
976 694 1142 733 maiores
1169 693 1302 744 copias
1327 693 1533 744 sperabam
1555 707 1627 732 nos

292 764 505 811 habituros,
529 772 582 812 ut,
612 763 643 802 si
672 763 784 801 vobis
813 762 1019 809 videretur,
1043 762 1138 799 alter
1167 768 1252 798 uter
1281 767 1451 797 vestrum
1481 760 1532 797 ad
1565 772 1628 797 me

291 829 450 877 veniret,
484 830 580 867 alter
614 829 653 866 in
688 827 859 867 Siciliam
892 840 982 865 cum
1017 839 1063 864 ea
1096 824 1210 875 copia
1241 838 1359 874 quam
1396 825 1557 874 Capuae
1590 831 1628 862 et
1649 835 1688 858 10

292 895 438 934 circum
479 896 658 944 Capuam
697 891 952 943 comparastis
991 898 1029 929 et
1071 904 1161 928 cum
1201 889 1246 927 iis
1295 889 1483 927 militibus
1529 902 1628 939 quos

293 962 459 999 Faustus
489 959 580 1009 legit
608 959 927 1009 proficisceretur,
952 958 1151 996 Domitius
1178 971 1268 996 curn
1296 969 1355 994 XII
1388 956 1467 994 suis
1494 957 1631 994 cohor-

293 1026 397 1064 tibus
412 1027 555 1064 eodem
569 1024 855 1074 adiungeretur,
874 1024 1046 1074 reliquae
1062 1023 1200 1074 copiae
1217 1036 1354 1062 omnes
1375 1022 1628 1060 Brundisium

295 1098 526 1141 cogerentur
559 1098 598 1128 et
632 1090 725 1128 inde
763 1089 928 1127 navibus
970 1090 1229 1139 Dyrrachium
1264 1096 1626 1139 transportarentur.

295 1158 415 1195 Nunc
435 1170 525 1195 cum
547 1157 623 1194 hoc
645 1164 820 1205 ternpore
842 1155 964 1194 nihilo
986 1155 1107 1206 magis
1128 1169 1201 1206 ego
1221 1169 1339 1205 quarn
1360 1168 1429 1193 vos
1450 1154 1629 1193 subsidio
1655 1168 1687 1198 15

297 1221 476 1260 Domitio
506 1221 560 1259 ire
590 1221 737 1271 possim
768 1251 775 1258 .
807 1250 815 1258 .
849 1251 857 1260 .
888 1234 930 1259 se
960 1234 1028 1271 per
1058 1220 1202 1259 montis
1231 1220 1437 1271 explicare,
1461 1233 1543 1257 non
1573 1227 1631 1257 est

296 1286 410 1325 nobis
441 1286 771 1325 committendum
802 1293 843 1324 ut
872 1287 922 1324 ad
952 1287 1022 1324 has
1052 1298 1146 1323 X1111
1177 1286 1349 1324 cohortis
1379 1299 1476 1335 quas
1508 1285 1631 1323 dubio

295 1352 429 1391 animo
464 1352 593 1390 habeo
632 1351 754 1390 hostis
785 1353 974 1390 accedere
1004 1359 1070 1390 aut
1104 1351 1144 1390 in
1175 1351 1312 1390 itinere
1345 1365 1407 1389 me
1441 1349 1632 1400 consequi

296 1417 429 1467 possit.

252 1490 278 1529 4
353 1484 485 1532 Quam
525 1482 577 1521 ob
616 1496 697 1521 rem
736 1482 924 1533 placitum
959 1491 1017 1523 est
1056 1484 1152 1523 mihi
1184 1484 1292 1537 (talia
1325 1485 1442 1525 video
1480 1482 1630 1524 censeri
1651 1493 1690 1516 20

299 1550 354 1586 M.
381 1549 570 1587 Marcello
597 1556 634 1586 et
661 1548 798 1587 ceteris
825 1549 946 1587 nostri
973 1550 1120 1589 ordinis
1147 1552 1214 1602 qui
1235 1552 1299 1591 hic
1319 1551 1425 1601 sunt)
1447 1559 1489 1590 ut
1512 1553 1634 1589 Brun-

296 1613 440 1652 disium
471 1615 657 1652 ducerem
688 1615 791 1652 hanc
820 1614 975 1663 copiam
1011 1630 1129 1666 quam
1162 1632 1318 1656 mecum
1351 1618 1489 1655 habeo.
1549 1617 1632 1653 Vos

296 1680 431 1717 hortor
461 1686 503 1717 ut
537 1679 819 1728 quodcumque
854 1679 1022 1718 militum
1061 1685 1290 1722 contrahere
1329 1682 1504 1733 poteritis
1543 1693 1634 1719 con-

296 1744 456 1783 trahatis
500 1752 538 1782 et
585 1745 727 1782 eodem
777 1746 1029 1785 Brundisium
1074 1749 1238 1787 veniatis
1283 1763 1401 1799 quam
1447 1747 1627 1797 primum.

296 1812 418 1849 Arma
437 1823 538 1859 quae
564 1810 615 1847 ad
643 1823 705 1847 me
733 1810 886 1848 missuri
914 1813 1038 1861 eratis,
1061 1814 1106 1852 iis
1135 1828 1280 1853 censeo
1308 1813 1465 1852 armetis
1488 1813 1629 1851 milites
1652 1818 1689 1850 25

297 1889 397 1926 quos
435 1874 639 1913 vobiscum
679 1876 842 1915 habetis.
922 1880 1036 1928 Quae
1073 1894 1181 1918 arma
1219 1881 1471 1930 superabunt,
1512 1893 1557 1918 ea
1600 1877 1631 1915 si

299 1939 554 1979 Brundisium
584 1940 767 1980 iumentis
800 1945 1057 1994 deportaritis‚
1081 1947 1334 1984 vehementer
1363 1945 1416 1983 rei
1451 1944 1633 1994 publicae

299 2005 531 2058 profueritis.
583 2008 645 2045 De
666 2009 739 2046 hac
761 2023 800 2048 re
822 2010 937 2048 velim
959 2019 1113 2049 nostros
1134 2011 1316 2050 certiores
1337 2010 1496 2049 faciatis.
1548 2012 1634 2060 Ego

342 2123 362 2153 5
386 2113 470 2144 duas
494 2112 570 2144 add.
591 2113 754 2153 Bz'irlzeler,
775 2114 811 2153 cf
829 2125 858 2153 3.
878 2125 896 2153 7
1057 2117 1096 2146 16
1119 2116 1153 2145 1⁰11
1178 2116 1296 2146 lacuna
1320 2114 1395 2146 add.
1423 2115 1495 2154 ipse
1521 2119 1633 2144 autem

298 2157 443 2188 sortasse
461 2157 570 2197 possit
593 2157 791 2198 ll'cse11⁷›erg.
815 2169 925 2197 neque
944 2158 1015 2197 ipse
1032 2159 1140 2198 possit
1164 2159 1286 2191 Tvrrcll
1373 2169 1415 2189 20
1439 2159 1517 2189 talia
1534 2158 1633 2188 video

305 2201 445 2241 Tym'ell:
480 2202 560 2231 altia
580 2203 646 2235 (vel
667 2201 767 2232 alcial
786 2202 885 2232 video
911 2201 980 2234 MZ
1002 2203 1119 2233 codicvs
1145 2203 1354 2239 Alalasfit'lme
1369 2202 1421 2242 (ζὴ
1444 2207 1554 2232 tamen
1572 2202 1632 2231 lari

296 2251 355 2285 pro
372 2246 550 2275 lamentari
570 2247 601 2275 1'11
622 2246 662 2275 M
675 2245 783 2277 ad11.
801 2248 828 2276 r*y
847 2258 853 2276 :
878 2256 916 2276 ac
930 2248 1044 2285 (atque
1074 2247 1171 2277 video
1187 2248 1232 2277 ita
1246 2246 1356 2278 Mam:
1384 2257 1446 2276 noc
1458 2247 1523 2276 alia
1534 2246 1633 2275 video

300 2289 403 2319 Reid:
428 2289 580 2319 adhibito
601 2288 748 2328 Madwgr.
800 2290 918 2319 Paullo
935 2290 1094 2320 audacius
1111 2291 1215 2320 locum
1230 2290 1357 2329 refingit
1375 2289 1496 2319 Miiller
1509 2290 1632 2329 placet-

299 2344 367 2372 que
391 2334 480 2363 idem
508 2334 544 2364 L.
571 2333 707 2363 Caesari
734 2332 777 2363 M.
799 2333 958 2363 Marcello
1057 2335 1189 2364 censeri
1215 2334 1330 2364 codices
1355 2333 1562 2372 Malaspinae
1590 2325 1634 2363 Zb

303 2376 412 2407 Illam:
439 2377 570 2408 censori
590 2376 634 2408 M.
652 2370 709 2407 Zl:
738 2377 873 2406 censori
889 2376 943 2406 Ml
959 2391 963 2409 :
990 2377 1016 2408 C
1035 2377 1074 2407 M
1091 2377 1232 2419 Madvig
1350 2388 1391 2417 24
1416 2377 1533 2407 eadem
1550 2376 1629 2407 coni.

304 2420 388 2451 Reid
475 2421 695 2451 Brundisium
712 2420 771 2451 del.
791 2419 886 2451 Man.
