1790 2837
620 101 731 139 EPP.
764 100 841 138 AD
870 100 1131 140 ATTICVM
1410 113 1413 115 ’
1486 99 1604 137 nix

214 209 366 249 videris.
425 209 583 249 Etenim
611 210 642 249 si
666 211 737 250 fuit
761 211 953 251 invidiosa
980 220 1136 251 senatus
1163 211 1351 262 potentia,
1371 225 1461 251 cum
1491 225 1538 251 ea

214 289 294 313 non
314 276 364 314 ad
385 277 575 325 populum
604 278 672 314 sed
699 279 750 315 ad
778 277 842 315 tris
872 277 1052 316 homines
1080 278 1359 317 immoderatos
1380 280 1537 317 redacta

213 340 271 388 sit,
295 340 390 390 quid
420 341 496 378 iam
527 355 662 379 censes
692 343 805 379 fore?
861 342 1032 380 Proinde
1061 342 1122 380 isti
1152 342 1242 380 licet
1271 343 1413 381 faciant
1437 356 1536 392 quos

211 407 343 443 volent
364 407 555 452 consules,
580 405 756 444 tribunos
778 407 840 455 pl‚‚
864 406 1036 456 denique
1057 406 1173 445 etiam
1195 407 1327 445 Vatini
1349 415 1534 445 strumam

175 484 192 516 5
212 469 405 508 sacerdoti
444 471 594 522 διβάφῳ
628 470 807 518 vestiant,
839 470 990 509 videbis
1026 471 1131 509 brevi
1163 479 1339 521 tempore
1373 485 1536 521 magnos

211 548 292 575 non
322 536 443 573 modo
468 549 535 573 eos
560 535 627 584 qui
654 535 749 572 nihil
775 535 990 573 titubarunt
1020 537 1089 574 sed
1120 536 1237 575 etiam
1268 536 1377 574 illum
1407 536 1535 585 ipsum

212 599 278 650 qui
299 599 475 649 peccavit
492 601 697 639 Catonem.
742 602 847 638 Nam
868 614 940 638 nos
962 600 1134 650 quidem,
1152 600 1264 650 siper
1284 601 1401 638 istum
1423 608 1533 638 tuum
1556 610 1580 646 3

212 666 387 703 sodalem
432 665 616 703 Publium
664 664 806 711 licebit,
848 667 1086 713 σοφιστεύειν
1124 665 1353 715 cogitamus,
1395 665 1425 703 si
1472 665 1535 703 ille

212 729 380 779 †cogitat
401 735 588 777 tantum†‚
612 731 815 768 dumtaxat
839 744 911 768 nos
936 732 1159 777 defendere,
1178 738 1226 777 et,
1243 731 1351 780 quod
1372 738 1430 768 est
1450 744 1536 781 pro—

158 815 194 837 10
211 794 338 845 prium
359 794 449 832 artis
470 795 595 841 huius,
620 796 900 847 ἐπαγγέλλομαι

384 859 482 909 ἄνδρ’
510 861 766 909 ἀπαμύνεσθαι
795 861 854 898 ὅτε
882 878 935 901 τις
962 861 1137 911 πρότερος
1165 861 1371 912 χαλεπήνῃ.

212 924 339 962 Patria
359 924 526 975 propitia
546 925 605 962 sit.
666 925 802 963 Habet
822 939 845 963 a
868 925 993 972 nobis,
1017 925 1134 964 etiam
1156 925 1187 963 si
1207 939 1288 963 non
1308 927 1395 974 plus
1416 938 1534 975 quam

210 989 390 1028 debitum
420 997 490 1037 est,
511 991 598 1038 plus
627 997 731 1027 certe
761 1003 879 1039 quam
909 992 1149 1040 postulatum
1180 997 1248 1027 est.
1310 991 1416 1027 Male
1445 989 1534 1027 vehi

211 1055 314 1091 malo
345 1053 422 1091 alio
454 1053 698 1103 gubernante
729 1067 847 1103 quam
878 1061 958 1091 tam
989 1054 1146 1104 ingratis
1178 1054 1400 1092 vectoribus
1431 1055 1533 1092 bene

154 1136 192 1169 15
211 1120 436 1170 gubernare.
496 1120 574 1157 Sed
598 1120 695 1157 haec
715 1133 847 1157 coram
868 1119 1129 1157 commodius.
1550 1126 1577 1164 4

264 1187 383 1223 Nunc
410 1184 505 1222 audi
533 1186 642 1234 quod
666 1184 830 1234 quaeris.
890 1185 1054 1222 Antium
1082 1199 1145 1223 me
1169 1199 1216 1223 ex
1243 1184 1454 1223 Formiano
1480 1199 1534 1223 re-

207 1250 335 1301 cipere
356 1249 486 1300 cogito
505 1263 538 1288 a.
561 1251 598 1288 d.
622 1262 647 1287 V
667 1252 804 1288 Nonas
828 1250 978 1298 Maia53
1008 1250 1130 1288 Antio
1150 1252 1240 1288 volo
1268 1250 1394 1288 Nonis
1418 1250 1533 1288 Maiis

208 1314 403 1365 proficisci
433 1314 473 1352 in
504 1316 786 1353 Tusculanum.
846 1316 924 1353 Sed
959 1328 1049 1352 cum
1084 1329 1105 1353 e
1141 1315 1351 1353 Formiano
1382 1314 1534 1353 rediero

210 1381 280 1432 (ibi
301 1395 386 1420 esse
409 1395 538 1431 usque
557 1382 608 1419 ad
635 1395 689 1431 pr.
715 1383 764 1418 K.
790 1380 917 1418 Maias
937 1380 1055 1431 volo),
1083 1380 1223 1418 faciam
1249 1379 1377 1417 statim
1399 1386 1436 1417 te
1456 1392 1535 1417 cer-

151 1463 189 1485 20
208 1446 357 1485 tiorem.
416 1445 601 1484 Terentia
630 1444 700 1483 tibi
729 1447 906 1493 salutem,
937 1446 996 1483 καὶ
1025 1447 1191 1496 Κικέρων
1217 1447 1235 1483 ὁ
1260 1445 1388 1495 μικρὸς
1416 1445 1534 1482 ἀσπά-

210 1513 310 1559 ζεται
328 1513 437 1551 Τίτον
455 1513 518 1550 τὸν
538 1510 744 1560 Ἀθηναῖον.

247 1621 290 1655 Χ
484 1622 554 1654 Ser.
572 1622 612 1653 ab
627 1621 721 1663 Appi
734 1622 820 1653 Foro
834 1623 883 1653 xii
895 1622 938 1653 K.
955 1621 1041 1662 Apr.
1061 1633 1089 1653 cz.
1111 1625 1169 1663 695
1188 1620 1273 1663 (59).

612 1700 787 1730 CICERO
818 1698 989 1730 ATTICO
1023 1698 1119 1730 SAL.

257 1780 361 1817 Volo
381 1791 489 1816 ames
510 1791 639 1816 meam
660 1776 932 1816 constantiam.
982 1777 1118 1814 Ludos
1139 1775 1234 1813 Anti
1256 1783 1429 1825 spectare
1449 1789 1530 1816 non

148 1861 186 1893 ²5
205 1845 332 1894 placet
347 1859 356 1891 3
390 1851 448 1882 est
478 1843 583 1882 enim
612 1844 871 1889 ὑποσόλοικον,
904 1855 1026 1892 quom
1056 1840 1173 1879 velim
1202 1840 1322 1879 vitare
1352 1840 1529 1879 onmium

204 1909 431 1948 deliciarum
466 1909 742 1959 suspicionem,
778 1915 938 1958 repente
978 1907 1246 1955 ἀναφαίνεσθαι
1283 1919 1363 1943 non
1403 1907 1529 1944 solum

203 1975 368 2013 delicate
396 1977 464 2013 sed
492 1975 608 2013 etiam
630 1975 762 2024 inepte
782 1972 1104 2023 peregrinantem.
1164 1973 1254 2020 Qua
1274 1985 1314 2009 re
1334 1984 1458 2021 usque
1478 1972 1529 2009 ad

204 2040 340 2077 Nonas
376 2039 503 2078 Maias
534 2047 572 2078 te
606 2039 646 2077 in
681 2038 891 2077 Formiano
926 2036 1173 2086 exspectabo.
1242 2037 1362 2074 Nunc
1392 2037 1453 2074 fac
1486 2042 1530 2073 ut

245 2153 264 2173 2
289 2143 425 2174 redacta
457 2142 517 2174 M:
555 2143 677 2174 tralata
705 2143 732 2173 C
860 2153 879 2181 3
905 2143 967 2172 iam
998 2141 1123 2171 Romu:
1164 2141 1260 2171 etiam
1294 2139 1363 2170 M¹:
1399 2150 1475 2169 nam
1503 2138 1532 2169 C

203 2187 223 2216 8
249 2187 402 2216 Publium
434 2187 491 2217 del.
529 2187 621 2217 Cobet
816 2196 836 2225 9
872 2186 1079 2215 contendere
1113 2185 1238 2222 cogitat
1272 2183 1345 2222 (del.
1378 2184 1525 2221 tantum)

207 2228 410 2269 W‘senbm‘g:
447 2231 549 2269 cogit,
579 2234 648 2260 tum
678 2229 793 2260 Orelli:
833 2229 918 2259 male
945 2229 1069 2266 cogitat
1096 2232 1222 2257 tantum
1250 2226 1342 2265 Reid,
1369 2226 1435 2256 coll.
1456 2226 1525 2257 Cat.

201 2272 282 2303 Mai.
304 2274 341 2303 18
477 2283 514 2303 12
539 2277 613 2303 ante
638 2276 745 2312 patria
772 2272 906 2302 addend.
936 2272 1035 2301 modo
1062 2271 1140 2301 coni.
1170 2270 1254 2300 Reid
1388 2271 1425 2299 16
1448 2269 1525 2300 audi

201 2318 242 2347 ad
262 2317 294 2347 id
313 2317 399 2356 quod
417 2316 450 2346 F
574 2327 616 2347 20
639 2316 690 2347 καὶ
703 2315 840 2356 Κικέρων
857 2316 978 2345 Rosius
995 2326 1001 2345 :
1027 2316 1238 2344 ΚΑΙΚΕΡΩΝ
1255 2312 1344 2344 codd.
1361 2324 1367 2345 :
1385 2311 1526 2353 Κικέρων

200 2360 294 2401 vulg.
383 2370 421 2390 21
448 2358 504 2390 τὸν
522 2359 595 2391 add.
620 2362 706 2391 Crat.
725 2358 843 2390 Lamb.
860 2370 866 2389 :
892 2368 955 2389 om.
973 2357 1014 2388 M
