1790 2837
605 127 718 166 EPP.
749 128 827 165 AD
856 126 1116 167 ATTICVM
1461 126 1538 164 ΙΙΙ.
1558 134 1620 161 xv

200 238 330 290 potius
348 237 535 288 quoniam
556 238 716 288 peccavi
735 238 893 289 ignosce
908 253 918 287 5
946 237 986 276 in
1007 251 1069 277 me
1089 236 1193 277 enim
1216 236 1342 287 ipsum
1364 236 1524 287 peccavi

200 303 481 343 vehementius.
542 305 683 353 Neque
703 305 800 342 haec
826 317 874 342 eo
901 303 1029 341 scribo
1050 316 1128 352 quo
1149 311 1186 340 te
1214 315 1294 340 non
1318 315 1407 340 meo
1432 315 1524 342 casu

200 369 372 407 maximo
415 370 551 407 dolore
595 382 679 407 esse
723 370 921 407 adfectum
970 367 1100 413 sciam,
1146 367 1215 405 sed
1263 368 1449 416 profecto,
1494 366 1526 404 si

201 441 392 484 quantum
421 447 483 472 me
509 447 616 472 amas
644 442 681 472 et
705 433 843 472 amasti
870 440 1022 470 tantum
1048 445 1178 470 amare
1203 432 1366 470 deberes
1393 445 1438 469 ac
1462 433 1527 470 de-

162 511 180 542 5
203 498 363 546 buisseS,
386 513 603 549 numquam
631 512 734 537 esses
755 511 892 547 passus
919 511 981 535 me
1001 510 1081 546 quo
1102 505 1143 534 tu
1162 497 1394 535 abundabas
1416 510 1527 546 egere

201 563 367 602 consilio
397 577 469 602 nec
499 578 603 602 esses
632 576 768 613 passus
799 562 894 600 mihi
923 561 1146 612 persuaderi
1174 561 1267 599 utile
1297 560 1411 599 nobis
1441 574 1527 599 esse

203 629 328 677 legem
356 629 406 666 de
433 628 605 677 collegiis
633 626 800 677 perferri.
864 628 941 665 Sed
968 633 1010 664 tu
1037 633 1189 664 tantum
1218 625 1394 664 lacrimas
1422 638 1528 675 prae-

203 692 320 730 buisti
355 692 481 731 dolori
516 706 615 737 meo,
646 693 753 741 quod
787 699 867 730 erat
895 690 1049 738 amoris,
1079 698 1281 740 tamquam
1315 689 1398 739 ipse
1431 703 1502 739 ego
1519 704 1528 736 ;

203 758 311 806 quod
339 757 484 795 meritis
515 756 611 795 meis
638 758 852 806 perfectum
883 755 1021 805 potuit,
1043 762 1085 793 ut
1106 754 1189 793 dies
1217 763 1254 793 et
1275 762 1411 792 noctes
1432 753 1528 803 quid

145 834 183 855 10
204 821 299 859 mihi
334 821 558 859 faciendum
598 828 699 859 esset
738 820 936 870 cogitares,
972 819 1012 858 id
1050 820 1121 857 abs
1153 827 1190 858 te
1225 833 1314 857 meo
1348 832 1429 856 non
1460 826 1528 856 tuo

203 888 347 924 scelere
383 885 700 936 praetermissum
739 893 806 923 est.
876 885 997 933 Quod
1037 884 1069 922 si
1107 898 1188 922 non
1228 884 1348 921 modo
1382 891 1424 921 tu
1458 883 1528 921 sed

203 951 411 1001 quisquam
444 950 578 988 fuisset
610 949 677 999 qui
709 963 772 988 me
804 948 968 998 Pompei
1000 949 1129 986 minus
1160 948 1309 987 liberali
1340 960 1528 996 responso

203 1015 447 1065 perterritum
477 1029 500 1052 a
529 1013 752 1064 turpissimo
786 1013 950 1051 consilio
985 1021 1193 1059 revocaret,
1219 1014 1326 1062 quod
1357 1026 1457 1050 unus
1487 1020 1528 1050 tu

203 1082 329 1119 facere
359 1079 526 1117 maxime
554 1079 726 1129 potuisti,
748 1084 820 1116 aut
842 1079 1082 1116 occubm'ssem
1107 1079 1252 1115 honeste
1278 1085 1344 1115 aut
1364 1076 1529 1115 victores

146 1157 181 1188 15
204 1144 323 1183 hodie
362 1144 589 1182 viveremus.
656 1143 736 1181 Hic
775 1142 869 1180 mihi
909 1142 1116 1192 ignosces3
1163 1156 1227 1180 me
1261 1141 1366 1180 enim
1401 1141 1529 1191 ipsum

205 1211 328 1247 multo
356 1208 478 1258 magis
507 1221 662 1255 accuso,
684 1207 830 1246 deinde
857 1214 895 1245 te
924 1206 1035 1256 quasi
1065 1220 1128 1245 me
1156 1208 1320 1244 alterum
1351 1213 1389 1244 et
1416 1205 1530 1243 simul

204 1288 315 1313 meae
342 1276 480 1324 culpae
508 1273 659 1311 socium
681 1286 836 1322 quaero.
896 1274 956 1310 Ac
983 1272 1014 1310 si
1041 1272 1231 1320 restituor,
1255 1271 1373 1310 etiam
1401 1271 1530 1309 minus

203 1339 424 1377 videbimur
449 1338 659 1387 deliquisse
682 1339 753 1376 abs
778 1346 895 1387 teque
919 1345 1022 1376 certe
1049 1337 1237 1387 quoniam
1262 1338 1370 1375 nullo
1397 1344 1531 1374 nostro

205 1412 273 1442 tuo
295 1403 415 1455 ipsius
436 1402 631 1441 beneficio
651 1402 866 1452 diligemur.

148 1485 188 1508 20
261 1469 382 1517 Quod
411 1476 447 1506 te
475 1482 565 1505 cum
589 1469 780 1507 Culleone
808 1467 942 1505 scribis
967 1468 1016 1505 de
1043 1466 1244 1517 privilegio
1264 1468 1453 1513 locutum,
1474 1474 1531 1504 est
1551 1477 1575 1514 5

205 1534 354 1584 aliquid
394 1535 462 1572 sed
503 1535 627 1571 multo
666 1541 724 1572 est
763 1533 900 1571 melius
939 1532 1127 1582 abrogari.
1196 1533 1235 1571 Si
1274 1532 1379 1571 enim
1414 1545 1532 1570 nemo

206 1599 407 1648 impediet,
428 1598 482 1636 sic
510 1606 568 1636 est
596 1598 768 1645 firmius,
798 1598 855 1635 sin
884 1598 954 1636 erit
975 1598 1041 1647 qui
1069 1597 1155 1635 ferri
1184 1611 1264 1635 non
1292 1597 1406 1644 sinat,
1426 1597 1532 1635 idem

205 1672 362 1702 senatus
390 1665 571 1702 consulto
599 1663 823 1702 intercedet.
884 1664 969 1701 Nec
991 1662 1202 1712 quicquam
1223 1662 1329 1700 aliud
1351 1676 1450 1712 opus
1475 1670 1532 1700 est

208 1726 363 1781 [quam]
385 1728 561 1777 abrogari
578 1743 587 1775 ς
616 1742 707 1766 nam
728 1728 832 1777 prior
851 1729 912 1766 lex
932 1741 1004 1765 nos
1030 1726 1125 1764 nihil
1147 1728 1339 1766 laedebat.
1401 1728 1532 1775 Quam

148 1808 187 1840 ²5
207 1793 238 1831 si
264 1801 307 1831 ut
333 1801 391 1831 est
411 1794 656 1843 promulgata
679 1793 837 1831 laudare
861 1791 1121 1831 voluissemus
1148 1799 1214 1830 aut
1240 1799 1281 1829 ut
1306 1799 1385 1830 erat
1408 1793 1534 1841 negle-

206 1859 334 1908 genda
360 1859 574 1908 neglegere,
598 1871 739 1896 nocere
760 1857 923 1895 omnino
949 1856 1063 1895 nobis
1091 1870 1172 1895 non
1192 1856 1392 1907 potuisset.
1454 1856 1533 1894 Hic

207 1923 302 1960 mihi
341 1922 509 1973 primum
549 1936 681 1960 meum
721 1922 928 1960 consilium
967 1921 1091 1960 defuit
1130 1922 1199 1960 sed
1238 1921 1355 1959 etiam
1395 1921 1530 1960 obfuit.

208 1987 337 2035 Caeci,
360 1987 466 2026 caeci
494 1987 653 2037 inquam
684 1987 828 2025 fuimus
858 1986 898 2026 in
924 1986 1065 2025 vestitu
1094 1987 1297 2034 mutando,
1320 1986 1359 2024 in
1386 1988 1534 2037 populo

252 2100 271 2128 3
295 2089 322 2120 si
340 2089 426 2120 ΡΜ2
444 2101 450 2120 :
474 2100 539 2121 om.
556 2089 768 2120 EHNOMls
894 2100 914 2128 4
939 2099 1051 2120 amare
1068 2089 1137 2120 secl.
1159 2088 1301 2130 Madvig
1423 2090 1443 2120 8
1461 2092 1537 2129 post

209 2139 376 2172 tamquam
393 2133 530 2164 addend.
546 2143 641 2164 esses
657 2134 736 2163 coni.
756 2132 858 2163 Orelli
943 2143 964 2172 9
990 2132 1113 2173 potuit]
1135 2134 1284 2171 oportuit
1306 2132 1408 2163 Orelli
1496 2142 1534 2170 14

209 2182 266 2207 aut
292 2176 522 2206 occubuissem
551 2177 694 2207 honeste
718 2176 773 2206 M²
797 2176 846 2206 nil
871 2176 937 2206 m'si
961 2176 1145 2213 coniectura,
1173 2180 1209 2205 ut
1233 2176 1295 2206 vid.
1315 2187 1321 2206 ε
1356 2186 1421 2206 om.
1446 2175 1535 2207 codd.

214 2230 250 2260 17
277 2221 436 2250 restituar
458 2219 579 2259 Tyrrell
729 2230 771 2250 20
795 2224 905 2250 tecum
930 2219 1129 2249 Culleonem
1152 2218 1272 2257 Tyrrcll
1422 2229 1462 2248 22
1487 2219 1535 2249 sic

211 2266 288 2293 ΣΔ;
324 2273 348 2293 s.
377 2273 402 2292 c.
431 2263 621 2302 (=senatus
651 2262 806 2302 consulto)
841 2262 1001 2302 Madvig:
1035 2262 1114 2301 quid
1144 2257 1214 2292 CZb
1240 2263 1268 2292 L
1295 2262 1436 2303 (mam.)
1465 2273 1494 2293 v.
1510 2273 1532 2292 c.

213 2306 338 2336 firmius
356 2300 426 2336 CZb
444 2305 471 2334 L
493 2306 633 2346 (marg.)
652 2317 681 2337 v.
699 2317 721 2337 c.
741 2311 767 2336 A
787 2317 794 2336 ε
819 2306 932 2336 firmus
951 2309 974 2336 Σ
1119 2315 1160 2344 24
1185 2316 1285 2344 quam
1303 2305 1360 2336 del.
1384 2305 1540 2336 Tunslall

212 2359 251 2388 27
277 2349 472 2424 a6nte6defuit
488 2348 567 2381 add.
590 2359 657 2379 non
681 2349 790 2380 solum
809 2349 919 2388 Orelli,
936 2347 993 2380 sed
1008 2349 1045 2390 cs.
1066 2347 1152 2379 Boot
1166 2348 1212 2380 ad
1223 2349 1312 2379 hunc
1326 2349 1433 2380 locum
1450 2353 1478 2380 et
1493 2347 1540 2379 ad

211 2403 244 2423 x.
268 2403 279 2422 1
310 2416 316 2424 .
