1817 2832
658 73 770 111 EPP.
803 72 880 110 AD
908 69 1179 111 ATTICVM‘
1480 73 1597 110 VIII.
1616 72 1662 109 iv

243 197 305 223 me
333 184 498 223 dederas
522 183 665 222 veritus
691 184 903 235 superbum
932 199 973 223 se
998 184 1177 236 praebuit
1205 184 1243 223 in
1272 185 1426 224 fortuna
1450 198 1569 235 quam

241 248 391 299 putavit
411 257 583 287 nostram
605 250 686 288 fore
701 264 711 296 3
740 249 850 288 cuius
875 251 1053 288 fortunae
1079 263 1163 296 nos,
1182 258 1372 299 quantum
1394 251 1570 288 humano

241 313 406 352 consilio
427 314 525 352 effici
548 314 698 363 poterit,
718 322 869 352 motum
890 314 1040 352 ratione
1056 315 1225 364 quadam
1248 314 1564 364 gubernabimus.

241 378 317 417 Cui
351 378 418 428 qui
457 386 588 416 noster
626 380 764 425 honos,
798 380 907 428 quod
945 379 1191 428 obsequium,
1226 392 1327 429 quae
1365 378 1482 417 etiam
1517 380 1568 417 ad

201 458 218 490 5
241 450 390 481 ceteros
417 442 635 492 contempti
662 443 866 482 cuiusdam
897 443 1067 481 hominis
1097 443 1392 482 commendatio
1415 443 1569 483 defuit?

240 516 282 546 ut
317 522 449 546 meum
484 508 673 546 iudicium
712 508 944 559 reprehendi
978 522 1001 546 a
1034 509 1184 557 Quinto
1223 510 1337 547 fratre
1371 511 1567 558 vulgoque

239 574 291 611 ab
320 573 504 612 omnibus
535 575 690 611 mallem
723 587 841 623 quam
874 573 983 611 illum
1018 587 1098 611 non
1128 575 1262 612 efferre
1292 587 1355 611 me
1384 573 1567 611 laudibus

241 637 533 687 Ciceronesque
567 646 719 676 nostros
754 652 843 676 meo
877 638 1007 688 potius
1038 639 1170 676 labore
1204 638 1413 676 subdoceri
1447 651 1566 687 quam

240 715 303 740 me
332 702 452 740 alium
482 702 527 740 iis
558 703 783 753 magistrum
813 716 998 752 quaerere
1013 717 1023 749 ,-
1055 704 1106 740 ad
1133 716 1251 752 quem
1281 716 1354 752 ego
1384 715 1480 752 quas
1510 702 1567 740 lit-

182 783 221 805 10
240 774 351 814 teras,
367 766 407 804 di
428 766 676 814 immortales,
697 767 888 813 miseram,
905 775 1096 816 quantum
1117 766 1277 805 honoris
1297 766 1562 817 significantis,

239 839 431 880 quantum
447 831 590 870 amoris
608 835 614 870 l
651 831 937 870 Dicaearchum
955 845 1017 870 me
1033 833 1190 870 hercule
1205 839 1272 870 aut
1286 832 1563 870 Aristoxenum

238 895 388 934 diceres
408 896 560 943 arcessi,
576 910 656 935 non
677 910 799 934 unum
820 896 1022 935 hominem
1043 896 1221 934 omnium
1242 896 1563 946 loquacissimum

238 969 276 999 et
305 961 466 1000 minime
495 970 630 1012 aptum
659 962 710 1000 ad
737 963 974 1000 docendum.
1035 962 1112 1000 Sed
1142 969 1200 999 est
1230 962 1417 1000 memoria
1444 962 1559 1000 bona.
1583 970 1607 998 2

239 1028 308 1065 Me
330 1027 434 1065 dicet
455 1041 539 1066 esse
567 1027 736 1065 meliore.
797 1027 952 1075 Quibus
973 1026 1108 1064 litteris
1132 1026 1185 1064 ita
1205 1027 1407 1077 respondit
1428 1035 1469 1065 ut
1490 1041 1562 1077 ego

181 1108 217 1139 15
238 1091 386 1130 nemini
416 1091 525 1130 cuius
559 1105 717 1130 causam
753 1105 832 1130 non
867 1091 1090 1141 reciperem.
1154 1092 1316 1140 Semper
1347 1090 1463 1138 enim,
1499 1091 1563 1130 ‘Si

236 1164 385 1206 potero,
415 1157 446 1195 si
474 1165 565 1195 ante
594 1164 775 1206 suscepta
804 1169 921 1194 causa
950 1169 1029 1194 non
1060 1155 1275 1205 impediar.'
1332 1157 1561 1206 Numquam

236 1235 302 1259 reo
336 1221 519 1271 cuiquam
554 1230 633 1259 tam
667 1220 816 1267 humili,
848 1228 927 1258 tam
962 1220 1133 1267 sordido,
1165 1227 1244 1258 tam
1279 1220 1448 1267 nocenti,
1481 1228 1561 1258 tam

234 1286 365 1325 alieno
392 1295 471 1325 tam
499 1286 672 1337 praecise
701 1286 838 1336 negavi
863 1299 980 1335 quam
1010 1285 1074 1324 hic
1104 1284 1199 1323 mihi
1224 1287 1340 1335 plane
1370 1287 1476 1323 nulla
1502 1299 1562 1323 ex-

236 1351 419 1401 ceptione
448 1351 647 1402 praecidit.
707 1350 817 1389 Nihil
846 1350 1012 1400 cognovi
1042 1349 1227 1399 ingratius
1243 1365 1253 1398 3
1292 1350 1331 1387 in
1359 1364 1438 1400 quo
1468 1350 1561 1389 vitio

178 1431 219 1453 20
236 1415 332 1453 nihil
354 1417 445 1455 mali
466 1430 546 1454 non
567 1416 678 1454 inest.
737 1416 815 1453 Sed
836 1416 886 1453 de
906 1416 982 1453 hoc
1003 1414 1118 1452 nimis
1140 1416 1272 1452 multa.

290 1483 375 1531 Ego
413 1495 552 1520 navem
592 1479 733 1531 paravi.
796 1482 902 1518 Tuas
936 1480 1081 1518 litteras
1119 1486 1251 1518 tamen
1289 1487 1484 1530 exspecto,
1518 1488 1560 1518 ut
1581 1489 1604 1525 3

233 1546 354 1585 sciam
402 1547 498 1596 quid
545 1547 809 1596 respondeant
855 1544 1133 1584 consultationi
1181 1558 1301 1583 meae.
1371 1547 1559 1584 Sulmone

234 1612 278 1650 C.
301 1611 437 1649 Atium
466 1611 694 1661 Paelignum
724 1610 922 1660 aperuisse
943 1609 1119 1648 Antonio
1145 1617 1287 1658 portas,
1312 1623 1401 1648 cum
1429 1618 1559 1649 essent

233 1676 414 1714 cohortes
435 1676 621 1726 quinque,
637 1677 685 1724 Q.
703 1675 929 1713 Lucretium
949 1674 1042 1713 inde
1058 1674 1238 1724 effugisse
1256 1674 1359 1715 †scis
1377 1676 1557 1713 Gnaeum

176 1754 213 1784 25
233 1740 288 1778 ire
309 1740 560 1779 Brundisium
582 1742 780 1779 desertum
789 1745 820 1781 †.
881 1741 1074 1779 Confecta
1093 1753 1153 1777 res
1173 1746 1241 1778 est.

280 1854 293 1874 1
324 1848 398 1874 aule
422 1845 550 1874 veritus
575 1844 650 1875 add.
669 1844 771 1875 verba
797 1843 886 1878 Reid,
907 1845 971 1874 vim
999 1854 1038 1873 ex
1053 1843 1130 1874 conie
1154 1843 1286 1881 Mz't’ller,
1302 1843 1382 1883 fort,
1401 1847 1486 1882 recle,
1502 1844 1560 1874 sed

232 1888 270 1927 qs.
305 1887 425 1918 Tercnt.
450 1887 586 1918 Plzornz.
615 1898 690 1926 971,
710 1888 813 1927 Apul.
842 1887 917 1918 Met.
946 1888 975 1918 ii.
1004 1898 1032 1916 2,
1060 1890 1089 1917 et
1111 1886 1269 1917 Sclzmalz
1296 1887 1461 1926 *Syntax'
1482 1891 1496 1925 ξ
1517 1898 1557 1926 77

235 1941 252 1970 7
281 1932 402 1961 efferre
429 1941 481 1961 me
503 1930 708 1970 W›sc11he1g:
743 1931 895 1960 efferrem
923 1929 964 1959 M
985 1930 1109 1960 Maller
1304 1941 1343 1960 12
1369 1941 1436 1960 non
1457 1941 1558 1961 unum

232 1975 403 2005 hominem
420 1984 436 2003 s
456 1974 567 2004 (sedis
583 1975 658 2004 novi
673 1979 732 2012 pro
749 1976 830 2004 nonl
850 1974 968 2004 Rom:
998 1984 1065 2003 non
1083 1984 1185 2004 unum
1207 1973 1268 2004 EI:
1295 1984 1360 2004 om.
1378 1975 1419 2003 M
1521 1984 1558 2013 13

234 2018 303 2047 Sed
321 2017 386 2057 est]
406 2017 544 2047 Scilicet
562 2022 612 2047 est
628 2017 677 2047 vel
692 2018 727 2047 Si
745 2022 796 2047 est
812 2016 953 2047 Mt'ae'ller:
977 2017 1022 2047 Se
1040 2018 1121 2047 dicit
1138 2016 1223 2047 Reid
1342 2018 1380 2047 18
1406 2017 1494 2047 nulla
1518 2017 1556 2048 I:

233 2061 299 2091 ulla
320 2060 378 2090 M:
405 2062 479 2090 sine
497 2060 563 2090 ulla
582 2061 622 2089 M
637 2071 743 2100 marg.
836 2070 872 2089 21
901 2070 1019 2090 navem
1041 2060 1219 2090 Ascenst'us
1237 2060 1293 2092 (cd.
1309 2061 1342 2099 2)
1360 2072 1366 2091 ε
1391 2065 1502 2090 autern
1520 2060 1562 2090 M

233 2104 324 2134 Tuas
336 2103 440 2134 Pius:
466 2104 548 2133 duas
564 2103 604 2132 M
708 2115 749 2142 24
769 2107 843 2143 post
860 2103 1018 2141 effugisse
1036 2103 1173 2134 addend.
1188 2105 1290 2134 credo
1308 2108 1340 2134 te
1358 2104 1491 2133 audisse
1510 2103 1559 2133 vel

233 2148 338 2177 simile
353 2146 436 2185 quid
449 2148 525 2177 coni.
549 2146 737 2186 chsenbetg
808 2146 889 2186 scis]
908 2147 992 2176 scito
1008 2146 1160 2176 Schmidt
1249 2157 1290 2186 25
1316 2147 1553 2187 Brundisium]

236 2190 416 2220 Domitium
438 2190 633 2230 glossemate
653 2190 827 2229 expulsum
848 2193 945 2229 putat
967 2189 1052 2219 Reid
1169 2191 1355 2231 desertum]
1383 2191 1556 2221 desertum

235 2233 419 2264 Domitium
437 2233 589 2274 Lipsius:
617 2234 726 2264 deseri
747 2233 927 2264 Domitium
947 2233 1047 2263 Orelli
1060 2232 1213 2264 Schmidt
