1790 2837
588 131 700 169 EPP.
732 133 809 170 AD
840 131 1101 172 ATTICVM
1452 131 1505 168 II.
1524 140 1617 168 xxv

225 233 354 269 XXV
400 237 468 271 Ser.
490 239 620 271 Romae
636 244 711 272 ante
726 241 769 273 K.
787 242 871 274 Nov.
891 253 922 274 a.
941 243 999 284 695
1023 242 1124 284 (59):
1146 241 1227 282 sort.
1249 251 1294 275 m.
1314 241 1380 273 Oct.

601 329 776 361 CICERO
799 331 970 362 ATTICO
997 331 1093 362 SAL.

236 416 339 455 Cum
360 416 532 466 aliquem
552 419 658 468 apud
680 427 717 457 te
738 421 899 458 laudaro
920 428 1077 458 tuorum
1098 419 1356 466 familiarium,
1379 421 1508 458 volam
1528 430 1547 458 1

181 479 290 518 illum
312 480 409 519 scire
436 490 539 520 exte
571 496 632 520 me
657 482 697 521 id
724 483 871 529 fecisse,
895 491 937 522 ut
964 498 1089 534 nuper
1116 498 1179 522 me
1209 483 1283 522 scis
1311 483 1509 534 scripsisse

142 559 159 590 5
180 545 231 582 ad
265 552 304 583 te
337 546 387 583 de
421 546 607 585 Varronis
639 561 729 597 erga
759 562 823 586 me
852 548 992 595 officio,
1026 556 1064 587 te
1093 550 1144 587 ad
1174 562 1238 587 me
1268 548 1509 598 rescripsisse

181 622 267 646 eam
289 623 370 647 rem
396 623 573 649 summae
599 611 671 649 tibi
696 612 887 662 voluptati
912 626 1007 651 esse.
1067 614 1145 652 Sed
1173 627 1245 662 ego
1274 615 1430 651 mallem
1456 615 1507 652 ad

180 672 289 711 illum
322 674 540 724 scripsisses
572 675 667 713 mihi
699 676 808 714 illum
843 677 935 715 satis
969 679 1106 724 facere,
1139 691 1219 716 non
1251 691 1331 727 quo
1364 679 1508 717 faceret

180 739 249 776 sed
284 745 327 776 ut
360 740 527 788 faceret3
570 740 797 780 mirabiliter
830 742 936 781 enim
970 750 1143 780 moratus
1172 750 1230 780 est
1260 742 1360 780 sicut
1390 743 1504 790 nosti,

180 805 307 841 ἑλικτὰ
345 804 404 842 καὶ
442 805 608 857 οὐδέιι--.ι
679 807 757 845 Sed
799 820 872 844 nos
907 814 1086 845 tenemus
1125 814 1378 857 praeceptum
1410 807 1507 846 illud

123 880 161 901 10
178 869 243 908 τὰς
279 872 351 907 τῶν
389 872 677 919 κρατούντων-.
745 872 799 909 At
842 872 1001 910 hercule
1042 873 1139 910 alter
1178 879 1267 909 tuus
1309 871 1506 910 familiaris

182 934 371 972 Hortalus
401 948 519 984 quam
553 937 670 985 plena
698 949 828 984 manu,
862 950 979 986 quam
1010 936 1189 986 ingenue,
1222 949 1340 986 quam
1372 945 1507 977 ornate

179 1006 330 1036 nostras
360 1000 495 1037 laudes
524 999 564 1037 in
594 1008 695 1038 astra
724 1001 889 1048 sustulit,
913 1015 1003 1039 cum
1028 1002 1078 1039 de
1106 1001 1235 1040 Flacci
1262 1009 1442 1052 praetura
1467 1010 1506 1041 et

178 1063 228 1100 de
249 1062 314 1101 illo
335 1071 510 1113 tempore
527 1065 786 1115 Allobrogum
803 1065 971 1104 diceret!
1025 1066 1088 1104 Sic
1109 1067 1254 1104 habeto
1277 1080 1351 1105 nec
1375 1080 1506 1105 arnan·

178 1126 254 1165 tius
280 1141 354 1166 nec
374 1128 696 1167 honorificentius
725 1143 799 1168 nec
828 1130 1026 1180 copiosius
1055 1130 1229 1180 potuisse
1250 1131 1337 1169 dici.
1398 1132 1446 1170 Ei
1466 1139 1504 1171 te

121 1203 158 1236 15
178 1193 255 1230 hoc
275 1192 444 1231 scribere
471 1206 495 1231 a
518 1207 582 1232 me
611 1193 682 1232 tibi
711 1207 796 1232 esse
827 1194 989 1232 missum
1020 1208 1113 1233 sane
1142 1196 1243 1234 volo.
1303 1196 1381 1234 Sed
1408 1196 1504 1246 quid
1523 1207 1548 1234 2

179 1264 221 1295 tu
253 1257 428 1295 scribas?
471 1272 590 1308 quern
624 1258 702 1296 iam
737 1272 810 1308 ego
842 1259 974 1298 venire
1002 1267 1121 1310 atque
1150 1262 1288 1298 adesse
1318 1260 1506 1309 arbitror3

179 1319 233 1360 i'ta
252 1321 357 1360 enim
378 1322 439 1372 egi
460 1329 590 1361 tecum
612 1323 876 1373 superioribus
898 1323 1044 1362 litteris.
1102 1325 1230 1363 Valde
1251 1332 1288 1363 te
1309 1333 1502 1375 exspecto,

179 1387 293 1425 valde
321 1386 504 1425 desidero
532 1401 662 1437 neque
692 1401 764 1438 ego
794 1387 916 1438 magis
944 1401 1063 1438 quam
1087 1388 1172 1439 ipsa
1200 1402 1259 1427 res
1285 1396 1324 1427 et
1350 1396 1505 1440 tempus

180 1451 316 1501 poscit.

121 1530 162 1552 20
236 1516 312 1554 His
333 1517 383 1555 de
403 1517 569 1567 negotiis
590 1517 685 1567 quid
707 1517 874 1556 scribam
890 1519 941 1556 ad
962 1526 1000 1556 te
1020 1517 1094 1556 nisi
1114 1517 1220 1556 idem
1237 1519 1345 1568 quod
1361 1532 1476 1569 saepe
1489 1521 1507 1558 ?

180 1594 219 1619 re
245 1580 404 1630 publica
430 1582 527 1619 nihil
555 1582 808 1632 desperatius,
832 1582 877 1621 iis
899 1596 1066 1632 quorum
1091 1596 1210 1632 opera
1236 1583 1332 1620 nihil
1360 1583 1506 1622 maiore

178 1645 282 1684 odio.
341 1647 437 1694 Nos,
474 1654 516 1685 ut
547 1647 682 1697 opinio
720 1655 758 1686 et
797 1661 885 1697 spes
924 1655 962 1686 et
1000 1647 1225 1686 coniectura
1255 1655 1387 1685 nostra
1420 1649 1502 1695 fert,

178 1710 399 1749 firmissima
427 1711 703 1750 benevolentia
732 1712 940 1750 hominum
971 1712 1111 1750 muniti
1141 1725 1285 1750 sumus.
1346 1713 1436 1760 Qua
1464 1726 1504 1751 re

177 1776 318 1814 advola
333 1790 343 1823 3
370 1784 437 1814 aut
463 1776 647 1827 expedies
671 1790 743 1815 nos
770 1776 879 1815 omni
905 1776 1085 1815 molestia
1105 1784 1171 1815 aut
1198 1776 1271 1815 eris
1297 1776 1501 1827 particeps.

122 1852 159 1884 25
181 1840 280 1878 Ideo
301 1854 386 1878 sum
408 1841 561 1879 brevior
581 1842 699 1891 quod,
723 1849 765 1879 ut
786 1855 911 1892 spero,
934 1855 1066 1880 coram
1087 1841 1195 1879 brevi
1215 1848 1390 1892 tempore
1415 1854 1506 1880 con·

180 1906 276 1944 ferre
293 1918 393 1955 quae
413 1907 594 1944 volumus
616 1905 759 1945 licebit.
820 1907 925 1945 Cura
945 1914 987 1944 ut
1008 1907 1147 1944 valeas.

286 2009 317 2048 6,
339 2018 356 2047 7
380 2009 421 2040 ad
441 2009 550 2049 ipsum
566 2008 696 2040 Ernesti
794 2020 811 2048 7
850 2019 918 2041 non
934 2019 1002 2049 quo
1019 2010 1144 2040 faceret
1161 2008 1235 2041 CZ:
1259 2018 1324 2040 om.
1342 2011 1397 2040 ΣΔ
