1790 2837
100 127 154 166 II.
173 127 234 165 vii
555 128 611 165 M.
643 127 812 165 TVLLI
844 127 1149 166 CICERONIS

182 237 314 277 ieiuna
341 236 516 277 tabellari
543 236 686 287 legatio
713 238 828 276 datur
848 237 884 276 ei
905 236 1015 275 cuius
1042 237 1262 276 tribunatus
1282 238 1333 277 ad
1353 237 1518 277 istorum

182 310 360 353 tempora
398 310 623 341 reservatur.
685 303 862 341 Incende
901 301 1118 350 hominem,
1151 303 1295 341 amabo
1328 310 1377 350 te,
1409 303 1518 352 quod

182 375 306 418 potes.
366 370 457 406 Vna
487 381 576 418 spes
606 375 664 406 est
695 367 829 406 salutis
859 367 1022 405 istorum
1049 367 1149 406 inter
1175 367 1270 406 istos
1300 367 1493 406 dissensio
1508 381 1518 414 3

183 432 294 471 cuius
333 447 406 483 ego
447 435 644 483 quaedam
684 433 795 471 initia
828 432 932 471 sensi
971 446 1018 471 ex
1057 432 1240 472 Curione.
1301 435 1387 471 Iam
1425 442 1517 471 vero

183 498 318 537 Arrius
353 500 603 537 consulatum
639 498 714 537 sibi
748 506 927 548 ereptum
958 497 1111 546 fremit,
1153 497 1450 547 Megabocchus
1480 505 1518 535 et
1537 508 1554 540 5

182 565 280 603 haec
309 563 558 615 sanguinaria
578 564 760 603 iuventus
788 562 1058 601 inimicissima
1087 569 1155 601 est.
1214 564 1392 601 Accedat
1412 575 1515 609 vero,

180 631 344 668 accedat
369 629 488 668 etiam
514 629 588 668 ista
612 629 692 668 rixa
716 636 937 679 auguratus.
999 630 1122 678 Spero
1143 641 1206 666 me
1226 629 1443 678 praeclaras
1467 628 1518 666 de

181 694 263 733 istis
284 695 401 733 rebus
423 694 609 745 epistulas
629 695 681 733 ad
702 702 740 733 te
761 708 878 744 saepe
899 693 1119 732 missurum.

135 765 162 804 4
236 761 314 799 Sed
344 760 441 799 illud
476 760 573 811 quid
603 760 651 799 sit
683 760 780 799 scire
813 759 942 809 cupio,
978 760 1087 809 quod
1113 757 1207 796 iacis
1241 758 1409 796 obscure
1439 757 1517 796 iam

182 825 300 864 etiam
330 839 377 864 ex
406 825 500 875 ipsis
530 825 706 876 quinque
733 825 822 863 viris
846 824 956 875 loqui
981 826 1186 874 quosdam.
1247 823 1450 872 Quidnam
1475 823 1516 862 id
1538 836 1576 858 10

182 892 269 930 est?
326 890 366 929 Si
401 898 459 929 est
493 890 600 929 enim
631 890 795 940 aliquid,
827 891 915 940 plus
950 897 1009 928 est
1040 888 1135 928 boni
1170 902 1290 938 quam
1323 895 1512 938 putaram.

181 957 314 1006 Atque
335 956 433 994 haec
458 955 514 994 sic
534 955 650 994 velim
674 955 871 994 existimes
893 969 974 994 non
995 968 1059 993 me
1083 955 1153 992 abs
1181 961 1219 992 te
1247 955 1338 991 κατὰ
1363 954 1405 992 τὸ
1428 971 1517 1004 πρα-

181 1022 304 1060 κτικὸν
336 1035 533 1072 quaerere,
566 1022 676 1071 quod
709 1020 849 1072 gestiat
881 1020 1036 1059 animus
1071 1019 1221 1070 aliquid
1254 1032 1368 1070 agere
1401 1018 1441 1057 in
1475 1032 1515 1057 re

180 1086 348 1137 publica.
410 1088 496 1125 Iam
526 1085 678 1136 pridem
708 1086 927 1135 gubernare
956 1099 1019 1124 me
1049 1085 1245 1132 taedebat,
1274 1083 1392 1122 etiam
1422 1097 1513 1122 cum

180 1151 322 1191 licebat
337 1166 346 1199 3
381 1165 487 1190 nunc
517 1165 609 1190 vero
639 1165 730 1189 cum
761 1164 878 1201 cogar
907 1150 1010 1189 exire
1039 1152 1089 1189 de
1119 1149 1208 1188 navi
1238 1163 1318 1188 non
1349 1148 1513 1187 abiectis
1536 1161 1573 1193 15

180 1218 250 1256 sed
280 1217 421 1267 ereptis
450 1216 736 1267 gubernaculis,
771 1216 890 1266 cupio
919 1216 1082 1255 istorum
1111 1214 1312 1266 naufragia
1340 1228 1388 1254 ex
1416 1222 1516 1254 terra

178 1280 331 1329 intueri,
354 1281 486 1333 cupio,
506 1289 549 1320 ut
569 1281 622 1320 ait
643 1289 734 1320 tuus
756 1281 907 1320 amicus
928 1282 1157 1332 Sophocles,

906 1358 973 1397 κᾶν
1000 1359 1072 1397 ὑπὸ
1101 1360 1218 1411 στέγῃ

405 1425 542 1475 πυκνῆς
571 1423 715 1463 ἀκούειν
742 1424 907 1476 ψακάδος
934 1425 1091 1476 εὗδούοῃ
1121 1424 1239 1475 φρενί.

134 1505 159 1544 5
234 1502 295 1540 De
321 1514 435 1540 muro
459 1499 556 1550 quid
581 1514 682 1551 opus
708 1500 756 1539 sit
782 1500 946 1540 videbis.
1006 1500 1294 1541 Castricianum
1322 1500 1512 1539 mendum
1534 1512 1572 1534 20

178 1579 249 1605 nos
284 1565 532 1616 corrigemus,
571 1573 609 1604 et
642 1574 774 1604 tamen
806 1567 857 1604 ad
892 1580 956 1604 me
989 1566 1163 1615 Quintus
1196 1568 1266 1604 HS
1299 1577 1417 1604 CCIOO
1447 1577 1512 1604 130

176 1632 392 1682 scripserat,
424 1635 531 1671 †non
560 1632 612 1670 ad
643 1645 816 1669 sororem
848 1639 955 1670 tuam
987 1633 1059 1670 HS
1086 1644 1186 1670 xxx.
1209 1635 1270 1671 a.†
1326 1630 1512 1669 Terentia

175 1697 247 1736 tibi
267 1699 432 1736 salutem
454 1696 560 1736 dicit.
622 1697 763 1737 Cicero
784 1697 854 1736 tibi
885 1699 1046 1736 mandat
1067 1705 1109 1736 ut
1129 1697 1384 1736 Aristodemo
1404 1696 1510 1734 idem

135 1769 139 1773 ”
175 1763 226 1800 de
253 1775 294 1800 se
321 1764 561 1812 respondeas
593 1764 702 1813 quod
731 1765 782 1802 de
807 1765 922 1802 fratre
952 1777 1035 1811 suo,
1059 1762 1200 1802 sororis
1222 1770 1312 1800 tuae
1342 1761 1433 1808 filio,
1457 1775 1511 1800 re-

175 1827 379 1878 spondisti.
441 1831 503 1867 De
533 1830 741 1881 Ἀμαλθείᾳ
771 1830 880 1880 quod
910 1843 973 1868 me
1001 1830 1194 1868 admones
1224 1842 1305 1867 non
1334 1829 1511 1878 neglege·
1532 1837 1567 1868 25

175 1906 272 1932 mus.
332 1895 437 1934 Cura
457 1902 499 1933 ut
520 1897 659 1934 valeas.

217 2007 236 2036 3
272 2003 368 2038 potes
408 2001 524 2032 codices
573 2001 801 2043 Affalaspz'nae:
849 2007 962 2042 potest
994 2002 1081 2035 codd.
1282 2001 1380 2038 istos'l
1415 2001 1506 2040 ipsos

175 2042 270 2072 codex
285 2043 407 2074 Ambr.
437 2047 475 2075 16
631 2049 652 2077 6
676 2046 908 2086 sanguinaria]
933 2046 1085 2084 saginata
1109 2046 1295 2076 Francken:
1337 2046 1506 2083 sanguine

174 2087 328 2123 saginata
345 2088 422 2118 coni.
446 2089 538 2123 Reid,
559 2091 625 2121 coll.
640 2089 720 2121 Sest.
742 2092 781 2128 78
918 2100 956 2120 10
978 2091 1129 2129 quinque
1140 2089 1227 2121 codd.
1251 2090 1303 2129 (cf.
1315 2088 1506 2119 Illommsen

177 2130 185 2146 ⁴
198 2129 378 2161 Gromat'icz'
392 2136 505 2163 veteres
518 2132 524 2144 ⁷
544 2133 575 2164 ii.
597 2135 674 2171 224)
693 2145 700 2162 t
723 2134 842 2171 viginti
861 2133 955 2164 Man.
1101 2134 1139 2163 18
1163 2131 1238 2173 κᾶν]
1252 2133 1304 2164 καὶ
1321 2132 1482 2163 Stobaeus
1498 2144 1506 2163 ε

172 2173 241 2216 κᾷθ’
260 2174 401 2205 Mez'neke
575 2186 614 2205 21
644 2175 706 2207 HS
729 2176 940 2216 Wesenberg:
965 2176 997 2206 di
1016 2176 1057 2206 M
1238 2188 1278 2206 22
1305 2176 1388 2217 non]
1415 2186 1505 2206 nunc

171 2219 221 2250 vel
242 2230 309 2250 non
335 2225 372 2250 ut
395 2219 584 2261 Malaspina
760 2229 841 2251 xxx.
861 2219 896 2260 a]
922 2229 1001 2251 xxx.
1020 2225 1055 2251 at
1079 2219 1162 2251 M'J:
1187 2230 1300 2251 xxxnr
1324 2221 1374 2251 vel
1395 2229 1504 2250 xxxw

177 2262 367 2304 Wesenberg
