1790 2837
79 137 133 174 ΙΙ.
157 135 267 173 xxiv
554 136 609 172 M.
641 134 810 171 TVLLI
841 133 1149 173 CICERONIS
1777 124 1790 162 ‘l

182 247 293 285 illum
323 246 390 296 qui
418 245 458 284 in
480 247 520 283 P.
547 245 734 284 Clodium
765 244 1055 295 subscripserat,
1081 246 1122 283 L.
1148 243 1516 291 Domitiumsetius

183 314 349 351 domum
384 310 640 349 constitutam
671 310 790 349 fuisse
822 311 928 348 unde
963 309 1115 360 eruptio
1147 311 1266 349 fieret.
1327 311 1396 348 Me
1435 323 1516 347 non

183 375 403 415 nominavit
429 377 499 414 sed
529 374 627 413 dixit
653 376 901 414 consularem
927 374 1116 413 disertum
1143 373 1317 412 vicinum
1344 373 1517 412 consulis

185 440 259 479 sibi
292 440 436 479 dixisse
467 441 639 478 Ahalam
671 439 878 478 Servilium
908 439 1082 489 aliquem
1121 446 1188 477 aut
1220 441 1385 477 Brutum
1417 452 1517 489 opus

186 519 271 545 esse
292 505 460 556 reperiri.
519 504 690 544 Addidit
709 505 760 543 ad
781 512 1009 552 extremum,
1028 518 1119 542 cum
1140 503 1218 542 iam
1245 503 1407 543 dimissa
1427 517 1518 542 con·
1539 516 1554 547 5

185 571 293 610 tione
326 578 532 609 revocatus
565 584 589 608 a
624 570 787 608 Vatinio
825 569 970 616 suisset,
1013 583 1054 608 se
1091 568 1250 608 audisse
1287 582 1311 607 a
1345 568 1517 608 Curione

186 636 247 674 his
285 637 336 675 de
367 637 483 675 rebus
515 635 720 675 conscium
751 649 838 674 esse
869 635 1057 674 Pisonem
1086 648 1277 684 generum
1298 647 1442 685 *meum
1479 641 1519 672 et

189 703 245 740 M.
278 703 542 740 Laterensem.
598 702 602 705 “

143 773 170 810 4
243 768 363 805 Nunc
383 780 470 805 reus
499 774 580 805 erat
608 767 715 816 apud
741 767 927 806 Crassum
954 764 1130 804 Divitem
1148 764 1306 803 Vettius
1332 765 1382 803 de
1402 763 1440 802 vi
1466 770 1515 811 et,

188 845 279 870 cum
304 839 406 870 esset
432 833 652 877 damnatus,
676 838 757 869 erat
783 829 974 868 indicium
999 831 1277 880 postulaturus.
1337 830 1459 878 Quod
1485 828 1517 867 si
1540 842 1578 864 10

186 897 442 947 impetrasset,
475 896 621 934 iudicia
654 897 736 934 fore
765 895 1031 933 videbantur.‘
1071 896 1130 933 Ea
1158 907 1240 941 nOS,
1278 902 1416 944 utpote
1449 893 1518 943 qui

186 961 283 999 nihil
317 969 571 1000 contemnere
603 961 828 1006 soleremus,
865 972 941 997 πονε
979 959 1301 997 contemnebamus
1337 959 1405 996 sed
1436 971 1518 996 non

186 1026 571 1077 pertimescebamus.
652 1024 878 1064 Hominum
917 1023 1080 1074 quidem
1119 1036 1274 1062 summa
1312 1036 1402 1072 erga
1445 1035 1518 1067 nos

187 1091 318 1130 studia
346 1091 691 1141 significabantur3
731 1091 801 1128 sed
830 1103 986 1140 prorsus
1018 1088 1120 1127 vitae
1155 1089 1311 1136 taedet5
1345 1088 1398 1126 ita
1427 1094 1518 1126 sunt

187 1156 322 1196 omnia
360 1155 539 1195 omnium
584 1155 826 1194 miseriarum
869 1153 1107 1205 plenissima.
1188 1154 1315 1191 Modo
1353 1154 1517 1192 caedem
1541 1166 1576 1198 15

186 1221 442 1260 timueramus
463 1225 565 1271 *tque
592 1220 716 1260 oratio
738 1219 938 1259 fortissimi
959 1218 1073 1266 senis,
1098 1219 1147 1267 Q.
1172 1218 1348 1265 Considi,
1373 1218 1520 1257 discus·

186 1294 289 1326 serat
308 1300 355 1325 ea
382 1286 545 1336 inquam
575 1286 720 1325 cotidie
745 1285 882 1324 timere
912 1288 1201 1335 potueramus†‚
1226 1283 1357 1321 subito
1386 1291 1519 1322 exorta

187 1358 257 1390 est.
317 1351 426 1401 Quid
446 1351 629 1400 quaeris?
648 1350 745 1388 nihil
767 1363 830 1388 me
850 1349 1141 1398 infortunatius,
1167 1349 1270 1385 nz'lzil
1285 1347 1518 1386 fortunatius

188 1423 247 1455 est
268 1417 412 1456 Catulo
438 1429 529 1454 eum
559 1416 768 1466 splendore
796 1413 900 1452 vitae
929 1421 1014 1451 tum
1038 1414 1164 1454 †hoc†
1185 1421 1371 1463 tempore.
1433 1414 1518 1452 Nos

189 1490 322 1520 tamen
352 1481 393 1519 in
419 1481 479 1519 his
511 1479 674 1519 miseriis
706 1486 837 1518 erecto
865 1479 1000 1517 animo
1029 1486 1068 1517 et
1097 1478 1261 1517 minime
1291 1479 1518 1528 perturbato
1539 1492 1579 1513 20

189 1560 324 1585 sumus
351 1545 706 1595 honestissimeque
735 1552 774 1583 et
797 1543 1030 1594 dignitatem
1054 1551 1228 1582 nostram
1256 1557 1399 1593 magna
1427 1557 1520 1582 cura
1772 1575 1783 1591 ,,

189 1742 231 1781 in
251 1756 325 1781 nos
345 1741 662 1781 benevolentiam
689 1740 798 1779 omni
826 1740 1002 1779 oratione
1032 1739 1234 1789 significat.
1294 1741 1354 1778 Te
1374 1740 1519 1779 habere

189 1808 443 1847 consiliorum
463 1815 674 1854 auctorem,
698 1806 1008 1845 sollicitudinum
1037 1806 1198 1853 socium,
1222 1806 1330 1844 omni
1359 1806 1398 1843 in
1419 1806 1519 1857 cogi‘
1541 1818 1577 1848 25

189 1873 336 1912 tatione
365 1873 621 1912 coniunctum
648 1872 776 1922 cupio.
837 1873 928 1921 Qua
958 1886 998 1910 re
1028 1879 1070 1910 ut
1101 1871 1310 1910 Numestio
1336 1871 1519 1910 mandavi

188 1946 319 1978 tecum
340 1946 383 1976 ut
403 1946 542 1988 ageret,
566 1938 660 1976 item
690 1946 809 1987 atque
831 1951 888 1984 eo,
913 1937 944 1975 si
974 1944 1114 1988 potest,
1138 1936 1263 1975 acrius
1291 1943 1329 1976 te
1356 1950 1450 1987 rogo
1477 1944 1519 1976 ut

189 1620 354 1651 tuemur.

147 1687 172 1727 5
244 1676 458 1727 Pompeius
478 1678 528 1715 de
550 1675 693 1715 Clodio
714 1674 823 1713 iubet
847 1687 920 1712 nos
941 1688 1026 1713 esse
1047 1673 1131 1712 sine
1152 1687 1243 1712 cura
1264 1681 1302 1712 et
1323 1687 1518 1712 summam

1783 1879 1790 1896 ί

188 2007 304 2055 plane
324 2005 375 2043 ad
396 2018 468 2043 nos
488 2005 658 2043 advoleS.
720 2003 931 2054 Respiraro
952 2003 983 2041 si
1004 2010 1041 2042 te
1062 2003 1206 2042 videro.

236 2119 275 2139 12
299 2108 486 2139 soleremus
499 2109 616 2139 Klotz:
642 2109 788 2139 solemus
807 2108 867 2139 M:
891 2108 1059 2139 soleamus
1071 2107 1147 2139 coni.
1166 2106 1269 2138 Orelli
1354 2118 1423 2139 non
1440 2119 1517 2140 con-

191 2153 435 2192 temnebamus,
456 2153 516 2183 sed
533 2152 608 2184 add.
628 2152 819 2191 Wesenbmfgr
953 2154 992 2182 16
1015 2162 1115 2190 quam
1132 2152 1220 2192 vulg.
1240 2163 1247 2182 :
1270 2161 1372 2190 quem
1389 2157 1514 2182 metum
1752 2161 1754 2163 ’
1777 2151 1788 2210 '45

190 2196 330 2236 Madvig
472 2207 509 2235 17
535 2207 609 2226 eam
635 2206 734 2235 quam
761 2195 837 2226 M²z
872 2206 911 2226 ea
936 2196 986 2225 vis
1009 2205 1108 2234 quam
1135 2196 1211 2226 coni.
1237 2195 1443 2235 Wesenberg:
1478 2206 1518 2226 ea
1778 2196 1782 2217 t

191 2241 327 2270 miseria
343 2250 442 2278 quam
459 2241 535 2271 com'.
553 2239 692 2270 ,Miillerz
718 2251 768 2277 ca,
788 2249 829 2269 ca
843 2240 988 2277 inquam.
1009 2248 1107 2277 quam
1132 2238 1250 2277 Tyrrell
1341 2239 1379 2269 18
1404 2239 1515 2270 infort.
1777 2234 1779 2274 l

192 2283 276 2313 nihil
294 2283 368 2314 add.
389 2283 506 2314 Lamb.
656 2293 695 2322 19
720 2282 801 2324 hoc]
820 2282 937 2312 mortis
956 2281 1074 2312 Lamb.
1251 2292 1290 2312 21
1319 2282 1518 2321 dignitatem
1777 2278 1781 2304 l

192 2331 341 2356 nostram
374 2332 407 2357 et
440 2337 561 2363 magna
594 2337 672 2357 cura
707 2326 885 2358 Gracvias:
925 2330 958 2356 ct
991 2326 1190 2364 dignitatem
1224 2329 1257 2355 et
1283 2326 1518 2357 auctoritatem
1771 2316 1779 2391 1

192 2374 343 2400 nostram
357 2380 478 2409 magna
492 2380 572 2400 cura
585 2370 660 2401 Otto
791 2378 831 2408 27
856 2373 956 2408 atque
973 2369 1059 2399 adeo
1072 2371 1150 2401 coni.
1169 2368 1292 2399 Mz'iller
