1790 2837
151 135 182 174 I.
208 135 223 173 i
560 136 616 173 M.
649 135 818 173 TVLLI
849 135 1157 175 CICERONIS

191 260 355 297 regnum
393 246 577 285 iudiciale
615 245 811 297 opposuit.
889 246 1073 295 Catilina,
1117 247 1150 286 si
1196 247 1414 288 iudicatum
1452 249 1524 290 erit

190 313 354 351 meridie
388 327 469 351 non
503 315 645 360 lucere,
681 320 809 351 certus
841 312 913 351 erit
943 313 1189 363 competitor.
1264 317 1326 353 De
1359 315 1523 355 Aufidio

146 385 171 413 2
191 384 229 416 et
256 379 306 416 de
328 378 513 417 Palicano
540 392 621 416 non
653 386 750 428 puto
777 386 815 417 te
841 386 1067 428 exspectare
1093 380 1190 417 dum
1220 379 1398 419 scribam.
1460 383 1522 420 De

188 442 235 481 iis
259 442 326 492 qui
356 457 462 482 nunc
487 450 625 494 petunt
648 445 793 483 Caesar
819 451 948 482 certus
977 451 1145 494 putatur.
1206 446 1401 483 Thermus
1431 459 1522 484 cum

189 508 323 547 Silano
344 510 585 547 contendere
606 508 872 557 existimatur3
902 508 969 559 qui
997 509 1052 548 sic
1082 509 1221 560 inopes
1248 517 1286 548 et
1312 511 1362 549 ab
1386 511 1522 550 amicis
1547 526 1559 534 ·

188 580 227 612 et
258 573 546 612 existimatione
579 582 670 612 sunt
702 582 744 612 ut
779 574 875 612 mihi
905 574 1084 612 videatur
1117 588 1198 613 non
1231 588 1317 613 esse
1347 576 1525 616 ἀδύνατον

188 639 353 678 Curium
386 639 596 678 obducere.
657 640 736 678 Sed
775 640 852 677 hoc
890 646 1043 689 praeter
1076 653 1140 678 me
1172 639 1322 678 nemini
1355 640 1520 680 videtur.

187 704 343 743 Nostris
381 704 599 743 rationibus
637 704 808 742 maxime
846 705 1070 742 conducere
1109 704 1263 743 videtur
1301 705 1523 744 Thermum

185 770 267 808 fieri
289 783 379 809 cum
403 771 581 809 Caesare.
642 771 774 808 Nemo
801 777 859 808 est
886 768 992 807 enirn
1020 783 1066 807 ex
1087 769 1133 807 iis
1161 769 1228 819 qui
1249 783 1356 808 nunc
1382 778 1523 820 petunt

184 835 262 886 qui,
287 835 317 874 si
339 836 378 874 in
405 843 582 873 nostrum
612 849 761 874 annum
791 835 981 882 reciderit,
1006 835 1153 874 firmior
1176 835 1411 874 candidatus
1439 838 1521 876 fore

183 901 374 950 videatur,
402 910 608 952 propterea
638 902 747 951 quod
776 909 931 939 curator
960 908 1019 939 est
1048 901 1133 939 viae
1164 901 1380 940 Flaminiae
1410 906 1522 952 †que

185 981 275 1006 cum
297 967 368 1006 erit
388 968 570 1005 absoluta
590 981 684 1005 sane
704 967 818 1005 facile
838 980 929 1005 eum
957 966 1124 1005 libenter
1150 981 1256 1005 nunc
1284 967 1402 1006 ceteri
1431 981 1523 1006 con-

185 1031 259 1070 suli
280 1031 534 1072 acciderim†.
589 1031 805 1070 Petitorum
828 1032 926 1070 haec
946 1039 1004 1070 est
1025 1033 1157 1070 adhuc
1182 1031 1392 1070 informata
1421 1032 1523 1083 cogi-

186 1096 292 1135 tatio.
353 1098 437 1134 Nos
455 1096 493 1134 in
511 1095 620 1134 omni
634 1110 796 1134 munere
813 1096 1087 1135 candidatorio
1101 1098 1303 1146 fungendo
1324 1111 1521 1136 summam

184 1161 465 1201 adhibebimus
500 1160 744 1212 diligentiam
783 1168 821 1199 et
860 1162 1036 1209 fortasse,
1068 1161 1258 1211 quoniam
1296 1161 1450 1200 videtur
1481 1162 1521 1201 in

187 1226 377 1277 suffragiis
423 1228 592 1264 multum
643 1240 758 1276 posse
798 1226 939 1273 Gallia,
978 1239 1068 1264 cum
1110 1228 1265 1265 Romae
1303 1240 1327 1265 a
1366 1227 1520 1266 iudiciis

186 1293 315 1330 forum
354 1291 553 1339 refrixerit,
593 1304 841 1329 excurremus
880 1304 1016 1329 mense
1055 1291 1277 1341 Septembri
1316 1292 1432 1342 legati
1469 1293 1521 1331 ad

189 1357 373 1395 Pisonem
405 1364 447 1395 ut
479 1356 662 1395 Ianuario
692 1363 939 1394 revertamur.
1000 1357 1104 1396 Cum
1132 1370 1366 1406 perspexero
1386 1359 1522 1396 volun-

187 1430 286 1461 tates
307 1421 511 1468 nobilium,
531 1420 698 1459 scribam
719 1421 770 1458 ad
792 1428 840 1459 te.
892 1421 1034 1460 Cetera
1054 1434 1169 1470 spero
1190 1421 1339 1471 prolixa
1359 1435 1444 1460 esse
1460 1421 1520 1460 his

188 1489 391 1527 dumtaxat
422 1486 581 1524 urbanis
613 1485 949 1536 competitoribus.
1010 1487 1124 1524 Illam
1158 1500 1320 1524 manum
1352 1494 1393 1524 tu
1424 1486 1520 1524 mihi

188 1565 281 1590 cura
319 1559 361 1590 ut
399 1558 581 1601 praestes,
617 1550 805 1600 quoniam
844 1549 1005 1600 propius
1039 1551 1148 1598 abes,
1184 1550 1361 1600 Pompei,
1397 1551 1520 1589 nostri

188 1617 315 1656 amici.
376 1618 488 1666 Nega
520 1630 582 1654 me
613 1615 648 1654 ei
687 1615 827 1653 iratum
862 1616 943 1653 fore
975 1615 1006 1653 si
1040 1616 1091 1654 ad
1126 1629 1215 1654 mea
1249 1615 1408 1654 comitia
1438 1629 1520 1654 non

189 1681 348 1720 venerit.
408 1683 540 1730 Atque
561 1682 658 1718 haec
679 1680 794 1718 huius
816 1679 926 1719 modi
947 1687 1047 1718 sunt.

147 1756 171 1793 3
245 1748 323 1786 Sed
347 1754 405 1785 est
436 1747 544 1796 quod
574 1746 644 1784 abs
673 1754 711 1784 te
743 1745 839 1783 mihi
873 1745 1021 1796 ignosci
1051 1745 1250 1795 pervelim.
1310 1745 1517 1794 Caecilius,

189 1814 406 1852 avunculus
427 1819 529 1859 tuus,
549 1824 572 1849 a
594 1813 633 1849 P.
657 1811 777 1850 Vario
798 1825 888 1850 cum
911 1824 1052 1861 magna
1075 1811 1243 1861 pecunia
1264 1812 1515 1860 fraudaretur,

187 1892 301 1929 agere
322 1877 452 1928 coepit
472 1890 562 1915 cum
588 1876 671 1915 eius
699 1878 815 1915 fratre
845 1879 891 1915 A.
917 1875 1086 1916 Caninio
1108 1877 1244 1925 Satyro
1265 1877 1314 1914 de
1335 1876 1380 1914 iis
1401 1877 1517 1916 rebus

232 1994 252 2014 2
276 1982 427 2023 Aufidio]
452 1982 530 2012 Auli
557 1982 626 2012 filio
647 1980 828 2018 Goveanus,
848 1981 915 2012 roll.
938 1982 984 2011 16.
1010 1991 1047 2010 12
1188 1981 1209 2011 6
1228 1984 1303 2021 post
1325 1986 1358 2011 et
1382 1980 1456 2012 add.
1476 1981 1518 2012 ab

189 2027 308 2059 Lamb.
412 2037 422 2056 1
434 2037 444 2056 1
472 2036 537 2065 que
555 2036 629 2056 cum
650 2029 732 2058 (tum
750 2026 794 2063 Z)
814 2025 877 2055 erit
895 2025 1048 2055 absoluta
1066 2033 1148 2055 sane
1166 2024 1262 2055 facile
1279 2035 1355 2055 eum
1372 2024 1520 2056 libenter

189 2081 279 2102 nunc
297 2070 401 2101 ceteri
422 2070 597 2108 (nuntiteri
616 2070 656 2099 Μ
672 2080 778 2109 mmg.
798 2080 805 2107 3
830 2068 994 2099 nunciteri
1013 2068 1056 2106 Z)
1074 2069 1204 2098 consuli
1223 2068 1357 2107 (concili
1373 2068 1417 2106 Z)
1432 2069 1518 2099 acci-

190 2115 297 2145 derim
318 2115 526 2144 lacciderunt
544 2113 587 2149 Z)
610 2112 713 2145 MZl:
731 2124 817 2152 quae
842 2123 915 2143 curn
941 2112 1003 2142 erit
1026 2112 1180 2142 absoluta
1203 2122 1287 2142 sane
1311 2112 1417 2150 facile,
1442 2122 1518 2142 eum

190 2159 338 2188 libenter
374 2157 554 2196 (absoluta,
588 2168 668 2187 sane
705 2157 723 2187 f.
744 2168 771 2187 e⁴
805 2161 838 2186 et
872 2156 1018 2186 libenter
1058 2155 1161 2189 Koch)
1194 2155 1382 2195 municipes
1414 2155 1518 2186 ceteri

189 2201 389 2241 (municipia
406 2201 510 2241 Korlz)
534 2200 704 2231 consulem
729 2199 925 2239 acceperint
944 2199 1110 2229 Corradus
1125 2198 1235 2229 Koch:
1260 2209 1346 2238 quae
1364 2209 1438 2229 cum
1455 2200 1519 2229 erit

191 2246 353 2285 absoluta,
374 2256 454 2275 sane
477 2244 573 2274 facile
600 2250 679 2274 eum'
703 2243 849 2273 libenter
875 2248 954 2273 tunc
982 2247 1109 2273 certum
1131 2243 1304 2273 consulem
1325 2242 1519 2281 acceperint

197 2288 343 2322 Vrsinus,
359 2289 422 2319 coll.
443 2288 482 2327 Q.
502 2287 554 2318 Fr.
577 2288 621 2317 iii.
641 2288 669 2317 8.
685 2297 704 2325 3
719 2299 723 2317 :
754 2298 840 2326 quae
858 2291 928 2316 tum
946 2287 1008 2317 erit
1025 2285 1176 2316 absoluta
1194 2297 1201 2323 3
1225 2297 1310 2316 sane
1328 2286 1424 2316 facile
1441 2295 1517 2315 eum

192 2342 231 2362 ac
257 2332 399 2362 libenter
425 2331 611 2361 renuntiari
630 2331 799 2360 consulem
823 2330 1011 2369 acceperim
1035 2330 1111 2360 coni.
1132 2329 1236 2360 Reid:
1259 2340 1345 2368 quae
1368 2334 1435 2359 tum
1453 2328 1518 2359 erit

193 2375 347 2406 absoluta
373 2386 455 2405 sane
473 2375 590 2404 facile:
615 2385 689 2404 eum
708 2375 852 2404 libenter
874 2384 963 2404 nunc
981 2373 1117 2403 Caesari
1136 2372 1309 2403 consulem
1326 2371 1517 2403 accuderim

194 2419 278 2449 Boot
293 2419 351 2458 qni
365 2429 439 2448 eum
454 2443 460 2449 .
478 2442 485 2448 .
502 2443 507 2449 .
521 2418 710 2448 accuderim
728 2428 765 2447 ex
777 2416 944 2457 Madvzgio
953 2417 1065 2448 hausit
1073 2416 1241 2458 cuiipSiz'n
1252 2426 1315 2448 voc.
1328 2415 1518 2447 accuderim

189 2463 370 2503 praeiverat
386 2462 505 2492 Bosizfts
522 2473 527 2492 :
551 2462 610 2493 alii
628 2462 694 2492 alia
713 2461 906 2492 coniecerunt

1543 536 1560 558 D

1545 850 1582 873 10

1542 1503 1580 1525 20

1539 1828 1576 1860 ²5

1527 2341 1566 2394 ill

1768 734 1790 774 „⁴-
1767 544 1779 726 m-—u‚..
1769 487 1777 526 -ς
1772 454 1777 477 a..

1762 1411 1767 1433 -
1763 1359 1766 1392 a>
1763 962 1781 1346 --·-‹-..2-———-a·o——.-„„
1769 910 1775 938 ι-

1762 1457 1769 1566 l

1763 1569 1788 1636 ’ἶ
