1817 2832
664 100 776 138 EPP.
808 101 886 138 AD
917 100 1177 139 ATTICVM
1490 102 1632 139 V11.v

318 208 531 258 Reliquum
561 217 620 248 est
648 209 777 259 iocari,
809 210 840 249 si
869 210 933 249 hic
963 210 1073 249 sinat.
1133 212 1237 249 Nam
1259 225 1331 262 ego
1355 211 1387 250 is
1414 225 1500 250 sum
1521 212 1587 262 qui
1608 221 1632 261 5

262 272 316 311 illi
346 274 512 312 concedi
543 283 678 324 putem
712 275 843 313 utilius
875 289 960 314 esse
991 276 1100 325 quod
1130 277 1302 326 postulat
1335 290 1453 326 quam
1481 276 1590 326 signa

262 337 438 376 conferri.
499 340 593 377 Sero
623 339 728 377 enim
757 339 969 378 resistimus
1000 340 1035 378 ei
1065 353 1182 389 quem
1213 354 1280 390 per
1304 354 1429 379 annos
1450 343 1589 380 decem

263 402 431 440 aluimus
456 412 592 441 contra
618 417 700 442 nos.
763 404 894 453 ‘Quid
918 403 1061 442 senties
1085 404 1251 454 igitur?'
1281 404 1420 455 inquis.
1480 406 1589 444 Nihil

228 475 246 507 5
265 467 412 505 scilicet
441 467 515 505 nisi
545 470 595 506 de
625 469 820 507 sententia
848 477 915 507 tua
943 483 1016 507 nec
1043 469 1148 519 prius
1174 469 1336 519 quidem
1371 484 1488 520 quam
1523 485 1590 510 no-

265 540 386 569 strum
407 532 609 581 negotium
639 540 706 571 aut
726 533 1009 572 confecerimus
1029 541 1096 571 aut
1117 534 1425 584 deposuerimus.
1485 537 1589 575 Cura

262 596 377 646 igitur
414 605 456 634 ut
494 599 633 636 valeas.
703 598 931 648 Aliquando
969 600 1169 650 ἀπότριψαι
1205 607 1435 649 quartanam
1474 600 1588 639 istam

263 661 464 712 diligentia
485 676 586 713 quae
606 662 646 701 in
667 670 704 702 te
725 676 880 702 summa
898 671 966 702 est.

305 840 372 875 VI
519 843 589 877 Scr.
606 845 641 876 in
657 845 839 876 Formiano
853 845 908 876 :civ
925 846 966 877 K.
987 845 1060 878 Ian.
1080 857 1110 879 a.
1127 857 1187 887 704
1207 848 1288 889 (50).

205 938 244 960 10
676 933 851 965 CICERO
875 933 1047 965 ATTICO
1074 934 1171 966 SAL.

315 1024 437 1061 Plane
466 1023 578 1061 deest
607 1023 715 1072 quod
744 1024 795 1061 ad
825 1031 864 1061 te
892 1023 1087 1071 scribam;
1115 1032 1210 1063 nota
1234 1025 1368 1064 omnia
1391 1025 1462 1064 tibi
1483 1033 1585 1074 sunt,
1606 1042 1623 1069 1

260 1101 335 1125 nec
364 1087 448 1137 ipse
476 1088 605 1125 habeo
634 1101 657 1126 a
686 1096 723 1125 te
753 1089 862 1137 quod
891 1096 1123 1138 exspectem.
1184 1091 1357 1127 Tantum
1386 1090 1501 1140 igitur
1520 1105 1588 1129 no-

260 1160 382 1190 strum
399 1152 495 1190 illud
512 1154 702 1190 sollemne
718 1166 916 1190 servemus
936 1161 978 1190 ut
998 1166 1048 1191 ne
1069 1167 1186 1203 quem
1207 1154 1306 1192 istuc
1328 1163 1487 1193 euntem
1503 1155 1586 1194 sine

260 1217 396 1255 litteris
418 1216 676 1256 dimittamus.
739 1219 802 1255 De
830 1231 871 1255 re
899 1217 1058 1267 publica
1084 1219 1198 1256 valde
1219 1218 1340 1257 timeo
1361 1233 1434 1258 nec
1455 1222 1586 1259 adhuc
1605 1233 1629 1261 2

205 1296 241 1327 15
259 1283 339 1319 fere
359 1281 491 1319 inveni
512 1281 578 1331 qui
599 1296 680 1319 non
701 1283 1005 1320 concedendum
1034 1290 1188 1332 putaret
1205 1283 1362 1322 Caesari
1392 1286 1500 1334 quod
1521 1299 1587 1335 po-

260 1348 418 1384 stularet
438 1346 568 1396 potius
590 1359 708 1396 quam
729 1348 1050 1396 depugnandum.
1111 1349 1182 1385 Est
1197 1347 1262 1386 illa
1282 1349 1442 1398 quidem
1463 1349 1588 1399 impu-

259 1412 358 1449 dens
406 1411 629 1461 postulatio,
675 1411 862 1461 opinione
902 1411 1102 1451 valentior.
1188 1413 1268 1452 Cur
1309 1422 1441 1452 autem
1479 1427 1586 1452 nunc

258 1475 428 1526 primum
458 1475 494 1514 ei
522 1475 775 1514 resistamus?

538 1544 593 1579 Οὐ
620 1543 691 1593 ’γὰρ
720 1542 764 1591 δὴ
792 1543 874 1580 τόδε
901 1544 1026 1593 μεῖζον
1054 1544 1113 1581 ἔπι
1141 1545 1252 1582 κακόν

201 1619 240 1641 20
258 1619 377 1656 quam
411 1620 503 1644 cum
537 1606 855 1656 quinquennium
887 1608 1195 1657 prorogabamus
1226 1616 1293 1647 aut
1327 1622 1418 1647 cum
1450 1616 1492 1647 ut
1521 1609 1587 1648 ab-

257 1671 377 1709 sentis
411 1671 509 1709 ratio
543 1671 752 1709 haberetur
782 1672 1014 1719 ferebamus,
1050 1672 1125 1710 nisi
1156 1674 1254 1711 forte
1285 1674 1382 1712 haec
1416 1674 1470 1712 illi
1502 1682 1585 1712 tum

256 1750 364 1775 arma
410 1736 593 1775 dedimus
640 1744 683 1774 ut
720 1751 827 1775 nunc
865 1751 956 1775 curn
995 1737 1097 1775 bene
1134 1746 1270 1788 parato
1308 1752 1581 1788 pugnaremus,

259 1801 389 1847 Dices,
425 1801 554 1850 ‘Quid
593 1808 635 1839 tu
673 1801 788 1850 igitur
821 1815 1004 1839 sensurus
1043 1803 1137 1839 es?'
1208 1804 1301 1840 Non
1339 1802 1444 1840 idem
1477 1805 1585 1853 quod

259 1865 432 1904 dicturus
450 1881 459 1913 ;
488 1866 654 1904 sentiam
671 1866 777 1904 enim
797 1866 930 1904 onmia
950 1866 1132 1905 facienda
1151 1880 1201 1905 ne
1221 1867 1336 1905 armis
1353 1869 1582 1916 decertetur,

200 1941 238 1973 25
259 1930 388 1968 dicam
409 1930 515 1968 idem
536 1932 646 1980 quod
667 1931 880 1981 Pompeius
902 1944 1031 1980 neque
1051 1931 1092 1969 id
1113 1931 1253 1969 faciam
1278 1931 1416 1969 humili
1437 1932 1580 1972 animo.

258 1995 336 2032 Sed
375 2008 504 2032 rursus
543 1996 619 2033 hoc
657 2009 914 2045 permagnum
953 1995 1007 2033 rei
1045 1995 1411 2044 publicae'malum
1450 2005 1508 2035 est
1546 2006 1584 2037 et

257 2060 430 2108 quodam
451 2060 573 2097 modo
594 2059 690 2097 mihi
710 2067 861 2110 praeter
881 2067 1030 2098 ceteros
1050 2073 1132 2098 non
1152 2067 1302 2099 rectum
1322 2074 1385 2098 me
1406 2060 1445 2098 in
1467 2062 1582 2101 tantis

256 2123 372 2161 rebus
392 2137 415 2161 a
436 2124 626 2174 Pompeio
646 2124 845 2162 dissidere.

300 2237 318 2264 4
343 2227 470 2257 senties
493 2226 702 2267 I‘Vesenbcrg:
726 2227 833 2258 sentis
858 2226 946 2258 codd.
1083 2237 1120 2266 13
1143 2228 1230 2258 istac
1255 2227 1314 2258 M2
1459 2231 1499 2259 16
1521 2230 1581 2260 im-

256 2271 390 2309 pudens
411 2281 477 2301 om.
496 2269 551 2299 M1
644 2281 680 2309 17
706 2271 879 2311 opinione]
899 2271 936 2310 cf.
957 2270 1118 2301 ‘Archiv'
1136 2272 1175 2302 vi.
1194 2273 1276 2308 461:
1299 2277 1399 2311 atque
1415 2274 1579 2312 opinione

263 2312 468 2353 lVes-enbcrg:
491 2314 551 2344 sed
569 2314 597 2344 is
613 2314 670 2353 qui
692 2314 838 2354 postulat
855 2314 1014 2353 opinione
1032 2314 1207 2345 Lehmann
1296 2315 1473 2347 violentior
1490 2317 1579 2348 Koch

257 2358 299 2387 26
323 2355 372 2397 et]
389 2363 422 2387 at
440 2356 628 2398 Malaspina
759 2368 799 2397 27
825 2368 878 2388 me
894 2358 962 2389 secl.
977 2358 1060 2388 Boot
