1817 2832
173 842 210 865 10

168 1491 205 1513 20

168 1811 207 1844 25

629 133 741 171 EPP.
773 134 852 170 AD
881 134 1141 173 ATTICVM
1531 135 1639 173 VLi

232 244 431 283 Pinarium
461 258 580 294 quem
612 244 708 282 mihi
736 245 993 284 commendas
1022 244 1319 295 diligentissime
1350 245 1558 285 Deiotarus

230 317 339 348 curat
358 309 522 359 graviter
541 322 710 358 aegrum.
771 309 975 359 Respondi
996 309 1114 347 etiam
1135 309 1286 348 minori.

285 376 348 412 Tu
381 375 498 412 velim
532 375 628 413 dum
662 388 729 413 ero
768 374 1002 422 Laodiceae,
1035 374 1076 413 id
1109 382 1167 413 est
1200 376 1251 413 ad
1288 376 1383 413 Idus
1416 376 1554 424 Maias,
1574 388 1627 427 24

230 452 350 489 quam
384 439 611 489 saepissime
649 453 804 477 mecum
843 453 912 489 per
944 439 1089 477 litteras
1127 441 1352 489 colloquare
1389 448 1428 478 et
1466 455 1557 479 curn

232 506 408 543 Athenas
429 504 578 543 veneris
610 504 705 555 (iam
738 504 845 543 enim
878 504 1047 542 sciemus
1076 505 1127 542 de
1161 505 1277 542 rebus
1306 505 1475 553 urbanis,
1508 507 1558 544 de

231 568 454 619 provinciis,
474 582 576 619 quae
604 568 738 607 onmia
766 568 807 606 in
836 582 1013 607 mensem
1039 568 1227 606 Martium
1257 577 1347 607 sunt
1371 571 1556 621 conlata),

231 634 366 684 utique
393 635 446 672 ad
472 648 536 672 me
563 633 784 672 tabellarios
808 633 950 671 mittas.
1010 634 1061 671 Et
1081 635 1178 672 heus
1202 637 1268 671 tul
1298 635 1556 685 †genuariost
1576 645 1626 684 25

228 713 252 738 a
273 700 440 739 Caesare
461 712 530 749 per
550 699 755 737 Herodem
777 699 922 736 talenta
937 697 1069 736 Attica
1090 709 1113 735 L
1132 698 1375 737 extorsistis?
1403 699 1442 737 in
1464 713 1555 749 quo,

230 772 272 802 ut
297 764 430 811 audio,
452 777 637 814 magnum
661 763 797 802 odium
825 762 990 813 Pompei
1016 763 1251 813 suscepistis.
1312 766 1428 802 Putat
1452 764 1557 802 enim

229 842 321 868 suos
355 842 539 868 nummos
571 842 640 867 vos
672 828 906 876 comedisse,
936 829 1145 868 Caesarem
1180 829 1220 867 in
1252 831 1424 868 Nemore
1453 830 1558 868 aedi-

228 895 385 933 ficando
412 894 699 944 diligentiorem
726 895 817 932 fore.
878 895 991 932 Haec
1017 907 1092 944 ego
1117 908 1164 933 ex
1192 897 1232 933 P.
1248 895 1392 943 Vedio,
1413 909 1556 945 magno

228 959 426 997 nebulone
452 961 523 998 sed
550 959 715 1009 Pompei
736 967 868 997 tamen
894 959 1085 1007 familiari,
1105 960 1247 998 audivi.
1308 960 1388 999 Hic
1404 960 1555 998 Vedius

227 1024 324 1062 mihi
344 1024 501 1062 obviam
517 1024 623 1062 venit
643 1038 734 1062 curn
750 1024 907 1063 duobus
928 1024 1075 1063 essedis
1095 1032 1133 1062 et
1154 1026 1271 1064 raeda
1291 1025 1401 1075 equis
1422 1025 1555 1063 iuncta

225 1095 264 1127 et
295 1088 434 1127 lectica
463 1096 502 1127 et
531 1088 678 1127 familia
711 1101 852 1138 magna
882 1101 953 1139 pro
983 1102 1074 1138 qua,
1102 1089 1133 1127 si
1167 1089 1288 1128 Curio
1317 1090 1443 1139 legem
1473 1103 1555 1139 per-

191 1168 204 1190 :
225 1154 365 1201 tulerit,
399 1156 469 1193 HS
502 1162 691 1193 centenos
725 1156 872 1204 pendat
905 1167 1066 1193 necesse
1099 1161 1168 1192 est.
1228 1156 1321 1192 Erat
1355 1162 1554 1204 praeterea

224 1220 515 1269 cynocephalus
552 1219 594 1257 in
627 1220 769 1258 essedo
807 1232 880 1257 nec
918 1220 1081 1258 deerant
1114 1218 1258 1268 onagri.
1319 1220 1551 1269 Numquam

224 1283 304 1322 vidi
341 1284 544 1323 hominem
581 1284 825 1334 nequiorem.
885 1285 964 1324 Sed
994 1292 1211 1324 extremum
1244 1284 1350 1323 audi.
1408 1287 1552 1324 Dever-

226 1356 331 1386 satus
373 1356 433 1387 est
473 1349 693 1388 Laodiceae
742 1351 848 1399 apud
891 1349 1126 1399 Pompeium
1169 1350 1412 1388 Vindullum.
1488 1351 1551 1389 Ibi

225 1428 296 1453 sua
326 1415 508 1465 deposuit
539 1430 629 1454 cum
659 1418 712 1455 acl
745 1430 809 1454 me
840 1417 1036 1465 profectus
1067 1423 1135 1454 est.
1196 1415 1365 1454 Moritur
1395 1416 1550 1455 interim

225 1480 465 1531 Vindullus;
512 1497 613 1533 quae
655 1496 715 1522 res
756 1484 809 1521 ad
847 1485 1040 1534 Magnum
1079 1483 1314 1533 Pompeium
1356 1484 1550 1534 pertinere

223 1548 443 1597 putabatur.
507 1550 555 1588 C.
584 1549 817 1587 Vennonius
854 1550 1020 1587 domurn
1048 1547 1227 1586 Vindulli
1264 1547 1383 1586 venit.
1444 1549 1548 1588 Cum

223 1612 357 1651 omnia
380 1613 613 1664 obsignaret,
637 1613 677 1651 in
693 1613 891 1652 Vedianas
917 1626 976 1652 res
1001 1612 1148 1651 incidit.
1209 1613 1257 1651 In
1281 1612 1341 1650 his
1367 1612 1549 1651 inventae

224 1684 314 1715 sunt
344 1678 520 1728 quinque
549 1678 821 1728 imagunculae
850 1686 1115 1717 matronarum
1146 1676 1186 1715 in
1212 1677 1356 1727 quibus
1385 1690 1463 1715 una
1493 1690 1551 1715 so-

223 1741 319 1780 roris
355 1743 472 1782 amici
510 1743 567 1782 tui
605 1744 776 1782 hominis
813 1743 957 1782 ‘bruti'
990 1743 1059 1793 qui
1096 1743 1174 1781 hoc
1210 1750 1340 1780 utatur
1372 1750 1410 1780 et
1448 1741 1550 1779 illius

225 1807 389 1857 ‘lepidi'
420 1808 489 1858 qui
525 1809 624 1847 haec
661 1817 741 1847 tam
779 1811 1027 1859 neglegenter
1060 1809 1165 1846 ferat.
1225 1810 1339 1846 Haec
1373 1815 1411 1845 te
1444 1807 1550 1846 volui

224 1876 510 1924 παριστορῆσαι.
565 1875 709 1912 Sumus
738 1874 844 1912 enim
872 1875 992 1913 ambo
1021 1874 1124 1912 belle
1152 1872 1307 1911 curiosi.

278 1939 413 1976 Vnum
451 1939 570 1977 etiam
607 1939 724 1977 velim
761 1939 922 1989 cogites.
979 1938 1114 1976 Audio
1143 1938 1319 1989 Appium
1357 1938 1549 1988 πρόπυλον
1567 1939 1622 1977 26

226 2003 411 2042 Eleusine
454 2005 590 2042 facere.
662 2005 770 2041 Num
811 2003 933 2054 inepti
979 2003 1165 2041 fuerimus
1207 2003 1239 2041 si
1278 2016 1350 2041 nos
1388 2016 1548 2053 quoque

270 2106 287 2134 7
314 2095 356 2125 Et
373 2095 434 2126 M:
466 2096 527 2126 sed
551 2095 645 2126 Man.
747 2096 928 2134 genuarios
954 2094 1037 2125 CM:
1067 2094 1178 2124 iamne
1202 2104 1262 2124 vos
1286 2089 1329 2123 ΖΙ)
1356 2094 1486 2129 (darios
1504 2094 1552 2124 od

221 2140 368 2170 Caesare
385 2150 516 2169 erasum
543 2139 575 2168 in
606 2138 685 2177 W:
711 2138 851 2168 Genuae
884 2147 943 2167 vos
972 2137 1143 2168 Turnebus
1173 2137 1332 2174 Schmidt,
1364 2139 1548 2178 ingeniose:

221 2183 409 2213 advcrbz'nm
445 2182 605 2212 Graecum
636 2182 720 2211 vrlnt
748 2180 886 2219 ἀγεννῶς
912 2180 991 2211 coni.
1026 2180 1110 2210 Reid
1249 2183 1268 2210 8
1294 2182 1469 2212 Herodem
1487 2183 1548 2212 M:

223 2226 357 2256 Erotem
375 2225 441 2256 cod.
468 2224 629 2254 Lambini
638 2225 783 2265 fortasse
805 2224 836 2253 Z
969 2233 1008 2253 10
1032 2228 1106 2253 mlle
1123 2224 1304 2254 Caesarem
1322 2224 1462 2255 addend.
1486 2235 1547 2254 nec

221 2273 323 2299 censet
338 2269 423 2299 Boot
554 2268 700 2298 Nemore
721 2267 912 2298 Turnebus:
940 2271 1074 2297 mentor
1091 2266 1149 2296 Ml
1296 2278 1329 2296 11
1353 2268 1447 2298 Haec
1464 2267 1554 2299 sz

222 2313 295 2344 Ber.
318 2324 325 2344 ε
350 2313 413 2343 hoc
432 2311 474 2341 Μ
619 2321 657 2350 13
682 2311 761 2340 mihi
780 2310 911 2340 obviam
928 2310 1021 2340 venit
1039 2309 1130 2340 EW:
1155 2310 1245 2340 venit
1264 2310 1343 2340 mihi
1363 2311 1492 2340 obviam
1510 2310 1552 2340 M

225 2363 266 2395 15
289 2361 452 2386 centenos
480 2354 614 2385 WAnt.
641 2354 725 2385 OP:
750 2358 913 2384 centenas
935 2353 1037 2383 ΝΗΔ
1223 2363 1262 2383 20
1288 2353 1387 2391 Quod
1405 2364 1458 2384 res
1477 2378 1483 2385 .
1505 2378 1512 2384 .
1535 2378 1541 2385 .

223 2400 412 2438 putabatur,
432 2399 469 2429 C.
482 2398 680 2429 Vennonius
697 2396 742 2426 W
755 2397 942 2436 lVescnberg
956 2408 962 2426 :
988 2407 1073 2436 quae
1088 2396 1184 2426 delere
1197 2398 1266 2426 vult
1276 2396 1362 2427 Reid
1449 2397 1545 2428 Pom-

222 2444 333 2482 peium
350 2443 421 2474 secl.
446 2442 570 2482 Tym'ell
697 2451 738 2480 24
762 2444 837 2471 ante
854 2440 942 2471 illius
958 2439 1032 2471 add.
1055 2440 1169 2470 uxoris
1185 2439 1308 2470 Sclzz'ilz
