1790 2837
600 126 712 165 EPP.
744 126 822 164 AD
852 126 1111 167 ATTICVM
1457 129 1510 167 II.
1534 129 1642 166 xviii

196 236 293 275 mihi
314 249 387 275 nec
407 236 491 276 sine
511 250 668 276 summo
687 237 815 276 scribo
836 239 981 277 dolore.
999 252 1003 273 t
1043 240 1112 277 Me
1132 245 1245 278 tueor
1264 246 1306 278 ut
1326 239 1521 291 oppressis

196 301 382 340 omnibus
406 316 486 341 non
507 302 689 350 demisse,
711 311 753 341 ut
779 303 896 341 tantis
923 304 1038 342 rebus
1059 304 1176 354 gestis
1202 318 1340 355 parum
1361 305 1518 344 sortiter.

196 368 233 405 A
254 368 421 407 Caesare
447 369 560 406 valde
587 368 795 407 liberaliter
821 369 963 407 invitor
983 369 1021 406 in
1042 369 1277 419 legationem
1308 370 1423 417 illam,
1448 370 1522 409 sibi

196 438 240 470 ut
268 431 341 470 sim
370 433 530 482 legatus,
552 440 670 483 atque
691 433 807 472 etiam
828 433 950 472 libera
969 434 1111 484 legatio
1140 435 1220 473 voti
1250 448 1367 473 causa
1395 437 1518 474 datur.

160 508 176 540 5
198 497 276 535 Sed
293 498 389 535 haec
410 505 449 535 et
469 497 637 547 praesidi
653 499 759 548 apud
776 499 969 548 pudorem
985 499 1176 537 Pulchelli
1198 513 1277 538 non
1296 500 1413 538 babet
1430 499 1521 538 satis

197 569 234 600 et
258 575 281 599 a
305 561 429 600 fratris
456 563 627 600 adventu
652 576 715 601 me
741 563 906 612 ablegat,
930 563 994 601 illa
1021 571 1059 602 et
1083 564 1269 603 munitior
1296 572 1353 603 est
1379 572 1416 603 et
1441 578 1521 604 non

196 626 362 677 impedit
388 640 469 677 quo
500 627 630 666 minus
660 627 786 666 adsim
814 641 935 678 quom
967 629 1095 667 velim.
1156 631 1274 668 Hanc
1304 643 1376 680 ego
1405 638 1522 668 teneo

197 692 266 729 scd
304 705 466 729 usurum
505 705 569 730 me
606 705 686 730 non
722 699 828 742 puto,
863 706 992 743 neque
1026 700 1157 732 tamen
1193 693 1265 732 scit
1299 694 1517 744 quisquam.

197 756 291 793 Non
325 757 433 794 lubet
463 757 604 806 fugere,
640 770 737 795 aveo
768 770 951 806 pugnare.
1012 759 1159 807 Magna
1192 765 1282 796 sunt
1315 758 1520 796 hominum

139 835 178 858 10
197 820 335 858 studia.
395 821 473 858 Sed
495 820 590 858 nihil
611 822 802 868 adfirmoJ
831 829 871 859 tu
892 823 968 860 hoc
989 822 1131 861 silebis.

252 886 313 922 De
334 884 457 922 Statio
474 898 592 922 manu
614 885 733 923 misso
750 893 787 924 et
804 899 883 924 non
900 886 1017 924 nullis
1036 887 1120 924 aliis
1141 888 1257 925 rebus
1276 901 1397 937 angor
1417 888 1521 937 equi·
1539 899 1565 935 4

195 949 301 996 clem,
323 949 392 987 sed
412 949 488 986 iam
510 962 666 999 prorsus
688 950 862 988 occallui.
922 952 985 988 Tu
1001 952 1141 989 vellem
1163 965 1235 1001 ego
1256 954 1316 990 vel
1336 966 1520 1003 cuperem

195 1014 377 1061 adesse53
407 1027 480 1052 nec
509 1013 606 1051 mihi
636 1014 843 1053 consilium
870 1028 944 1053 nec
970 1015 1189 1055 consolatio
1219 1018 1381 1055 deesset.
1442 1018 1519 1055 Sed

196 1076 249 1115 ita
270 1085 307 1116 te
327 1090 420 1127 para
440 1085 493 1125 ut,
518 1078 550 1116 si
570 1078 794 1127 inclamaro,
818 1080 988 1119 advoles.

137 1240 174 1273 15
238 1229 348 1264 XIX
472 1232 540 1266 Ser.
560 1233 688 1264 Romae
706 1234 810 1265 medio
827 1246 875 1266 m.
893 1235 1004 1275 Quint.
1022 1246 1050 1267 a.
1071 1236 1129 1276 695
1147 1236 1235 1278 (59).

606 1321 781 1353 CICERO
813 1322 984 1353 ATTICO
1017 1322 1112 1354 SAL.

249 1410 378 1448 Multa
403 1423 467 1448 me
493 1409 703 1448 sollicitant
728 1417 766 1448 et
792 1424 839 1448 ex
863 1410 918 1448 rei
944 1411 1126 1460 publicae
1150 1418 1260 1450 tanto
1285 1420 1394 1451 motu
1414 1421 1453 1452 et
1474 1427 1519 1452 ex
1539 1428 1555 1455 1

194 1474 238 1512 iis
259 1474 439 1524 periculis
456 1488 556 1524 quae
577 1475 673 1512 mihi
694 1475 766 1525 ipsi
788 1475 1044 1514 intenduntur
1059 1484 1097 1514 et
1113 1485 1291 1515 sescenta
1307 1485 1420 1526 sunt3
1449 1481 1520 1518 sed

194 1539 289 1577 mihi
311 1539 407 1576 nihil
428 1546 486 1577 est
507 1539 709 1577 molestius
731 1553 848 1589 quam
872 1539 1039 1578 Statium
1060 1554 1180 1579 manu
1201 1541 1386 1581 missum:

136 1621 174 1642 20
251 1604 360 1643 ‘Ne'c
390 1618 523 1642 meum
558 1605 775 1656 imperium,
807 1619 853 1643 ac
883 1607 997 1644 mitto
1030 1605 1248 1656 imperium,
1280 1607 1361 1647 non
1391 1608 1518 1647 simul-

354 1669 473 1707 tatem
504 1683 633 1708 meam

275 1735 458 1773 Revereri
489 1737 625 1775 saltem
643 1736 675 1774 1'

148 1828 151 1831 κ
192 1800 279 1838 Nec
309 1800 405 1850 quid
431 1801 570 1839 faciam
596 1801 679 1840 scio
708 1815 837 1852 neque
867 1809 1019 1840 tantum
1045 1809 1103 1841 est
1128 1801 1168 1840 in
1192 1816 1233 1841 re
1263 1811 1431 1853 quantus
1461 1812 1518 1843 est

194 1876 332 1903 sermo.
393 1866 478 1915 Ego
498 1872 629 1903 autem
652 1879 701 1904 ne
722 1865 833 1904 irasci
854 1880 1014 1916 possum
1037 1866 1198 1916 quidem
1220 1866 1264 1904 iis
1286 1881 1384 1917 quos
1405 1870 1518 1907 valde

135 1944 173 1976 25
193 1941 308 1976 amo3
337 1936 490 1967 tantum
510 1931 627 1968 doleo
647 1943 692 1967 ac
714 1930 875 1968 mirifice
891 1930 1063 1980 quidem.
1121 1932 1287 1971 †Cetera
1307 1932 1346 1969 in
1368 1933 1517 1982 magnis

193 1994 343 2032 rebus†.
419 1994 554 2032 Minae
588 1994 705 2033 Clodi
738 1994 1092 2044 contentionesque
1130 2009 1227 2044 quae
1255 1996 1349 2033 mihi
1380 2010 1517 2047 propo-

193 2065 338 2095 nuntur
369 2058 524 2096 modice
553 2072 617 2096 me
647 2066 836 2108 tangunt3
870 2058 1014 2096 etenim
1044 2060 1104 2097 vel
1131 2059 1261 2098 subire
1292 2074 1356 2098 eas
1383 2061 1516 2101 videor

194 2121 288 2158 mibi
309 2135 463 2159 summa
483 2136 573 2160 cum
594 2122 782 2172 dignitate
803 2123 863 2160 vel
884 2122 1079 2161 declinare
1100 2125 1207 2162 nulla
1227 2138 1317 2162 cum
1339 2126 1517 2164 molestia

235 2234 255 2262 3
281 2225 311 2254 in
339 2224 403 2262 leg.
430 2224 519 2254 illam
544 2225 610 2255 ἐρεῖ.
640 2224 764 2254 Scln'ilz
907 2234 925 2262 5
950 2224 1056 2264 apud]
1086 2225 1127 2255 ad
1153 2225 1241 2255 Reid
1391 2237 1408 2265 7
1433 2238 1516 2267 ergo

193 2268 271 2298 coni.
295 2267 397 2297 Orelli
516 2268 536 2297 8
560 2268 622 2298 scit
640 2267 832 2307 quisquam]
851 2268 922 2297 scio
939 2268 1020 2306 quid
1037 2278 1161 2306 sequar
1188 2269 1265 2299 coni.
1290 2268 1408 2301 Orelli:
1434 2273 1514 2302 certi

192 2311 368 2350 quicquam
386 2310 464 2341 coni.
486 2309 570 2340 Boot
705 2320 743 2340 12
766 2311 819 2340 vel
844 2309 984 2342 Mt'illnr:
1019 2321 1073 2340 -ve
1096 2311 1181 2342 codd.
1326 2323 1365 2352 25
1391 2313 1514 2346 Cetera

192 2377 200 2385 .
220 2377 228 2384 .
249 2378 255 2384 .
275 2354 375 2384 rebus
403 2354 472 2384 sine
484 2364 571 2383 cruce
594 2352 736 2384 Mz'iller:
772 2358 885 2384 cetera
912 2356 944 2383 έν
972 2354 1126 2393 αἰνιγμοῖς
1154 2355 1231 2385 com'.
1255 2355 1375 2388 Orelli:
1402 2363 1513 2389 cetera

193 2401 229 2427 ut
247 2398 280 2427 in
299 2397 430 2437 magnis
448 2397 556 2437 rebus,
577 2398 688 2427 minae
705 2396 790 2427 Reid
921 2398 962 2428 26
985 2408 1071 2436 quae
1090 2396 1164 2428 add.
1182 2400 1283 2438 vulg.-

1385 2444 1425 2474 5*
