1817 2832
646 150 757 187 EPP.
789 149 868 186 AD
897 147 1156 187 ATTICVM
1518 147 1564 183 V.
1588 146 1665 182 xxi

210 268 376 311 pescunt
405 262 533 299 nullos
567 261 737 298 honores
772 259 867 297 mihi
901 259 975 297 nisi
1004 260 1212 298 verborum
1246 257 1405 297 decerni
1434 257 1531 305 sino,

212 333 367 371 statuas,
397 327 496 372 fana,
529 326 711 376 τέθριππα
749 325 940 375 prohibeo
974 338 1046 362 nec
1085 338 1171 362 sum
1206 324 1246 361 in
1280 325 1358 361 ulla
1389 337 1427 361 re
1461 322 1537 361 alia

212 392 399 428 molestus
430 390 777 429 civitatibus—sed
799 391 961 428 fortasse
991 389 1061 428 tibi
1089 389 1155 438 qui
1184 391 1281 427 haec
1311 388 1534 438 praedicem

212 456 262 493 de
302 469 374 493 me.
435 457 573 501 Perfer,
615 455 646 492 si
686 468 749 493 me
785 468 917 500 amas;
960 462 1001 491 tu
1035 454 1140 492 enim
1181 467 1243 491 me
1278 455 1374 491 haec
1410 454 1534 490 facere

175 530 192 560 5
212 519 378 557 voluisti.
440 521 519 557 Iter
539 519 652 569 igitur
680 519 732 557 ita
756 532 824 568 per
845 518 981 556 Asiam
1006 518 1079 555 feci
1108 525 1149 555 ut
1177 517 1291 556 etiam
1315 519 1437 554 fames
1459 530 1535 566 qua
1555 518 1580 555 8

213 583 308 621 nihil
331 583 506 622 miserius
537 591 604 630 est,
629 597 728 633 quae
753 591 836 620 tum
861 590 941 620 erat
966 582 1004 619 in
1033 584 1130 620 haec
1158 595 1244 620 mea
1265 582 1359 619 Asia
1382 580 1535 631 (messis

214 648 319 686 enim
347 650 453 686 nulla
482 649 633 698 fuerat),
663 648 758 685 mihi
788 648 961 697 optanda
991 647 1114 685 fuerit.
1176 648 1439 696 Quacumque
1466 645 1537 684 iter

214 713 299 759 feci,
323 715 429 751 nulla
449 713 498 759 vi,
520 715 628 751 nullo
655 712 810 759 iudicio,
835 713 941 750 nulla
969 711 1217 758 contumelia,
1241 711 1472 749 auctoritate
1499 717 1537 748 et

216 778 487 816 cohortatione
503 778 646 827 perfeci
663 786 704 816 ut
718 786 755 816 et
770 776 909 815 Graeci
925 784 963 815 et
980 776 1082 815 cives
1098 776 1270 815 Romani
1287 776 1353 826 qui
1370 777 1537 813 frumen-

157 856 196 878 10
217 850 300 880 tum
322 851 632 893 compresserant
648 857 833 892 magnum
854 856 1061 880 numerum
1077 841 1232 892 populis
1249 841 1533 892 pollicerentur.

217 907 356 945 Idibus
373 907 601 954 Februariis,
618 921 697 957 quo
713 907 777 946 die
790 909 859 945 has
873 907 1017 945 litteras
1033 906 1136 953 dedi,
1152 908 1279 945 forum
1296 905 1536 943 institueram
1558 912 1586 950 9

215 985 328 1021 agere
372 972 592 1010 Laodiceae
637 971 903 1021 Cibyraticum
948 979 986 1009 et
1031 973 1267 1021 Apamense,
1309 984 1355 1008 ex
1400 969 1538 1008 Idibus

217 1037 370 1075 Martiis
400 1036 547 1075 ibidem
578 1038 844 1086 Synnadense,
868 1036 1143 1086 Pamphylium
1172 1036 1271 1087 (tum
1297 1034 1462 1073 Phemio
1486 1033 1540 1072 di-

218 1102 380 1152 spiciam
411 1101 542 1152 κέρας),
571 1101 824 1151 Lycaonium‚
849 1101 1092 1148 Isauricum3
1126 1113 1172 1138 ex
1194 1100 1333 1138 Idibus
1361 1098 1478 1136 Maiis
1500 1098 1538 1136 in

159 1182 195 1213 15
218 1167 409 1214 Ciliciam,
451 1175 492 1205 ut
532 1166 585 1205 ibi
632 1166 768 1204 Iunius
814 1173 1080 1213 consumatur,
1117 1165 1235 1203 velim
1273 1164 1480 1214 tranquille
1517 1176 1541 1201 a

218 1232 380 1270 Parthis.
442 1231 638 1281 Quintilis,
673 1231 704 1269 si
742 1231 812 1269 erit
843 1239 885 1269 ut
915 1232 1106 1278 volumus,
1137 1230 1177 1268 in
1215 1229 1353 1268 itinere
1387 1237 1443 1267 est
1473 1242 1541 1278 per

218 1296 459 1347 provinciam
490 1296 745 1335 redeuntibus
775 1297 1080 1334 consumendus.
1141 1295 1333 1333 Venimus
1364 1293 1468 1332 enim
1500 1294 1541 1331 in

218 1361 458 1412 provinciam
474 1361 711 1399 Laodiceam
727 1360 899 1410 Sulpicio
915 1368 952 1399 et
970 1361 1159 1398 Marcello
1176 1359 1403 1398 consulibus
1417 1358 1542 1408 pridie

220 1428 421 1464 Kalendas
461 1426 623 1464 Sextilis.
684 1426 784 1463 Inde
823 1439 895 1463 nos
933 1432 1087 1475 oportet
1125 1425 1317 1462 decedere
1355 1437 1387 1460 a.
1420 1424 1456 1460 d.
1494 1434 1540 1460 111

159 1506 200 1527 20
222 1493 423 1530 Kalendas
452 1490 613 1530 Sextilis.
675 1490 849 1528 Primum
874 1491 1112 1528 contendam
1137 1503 1160 1527 a
1188 1489 1338 1537 Quinto
1366 1490 1479 1526 fratre
1500 1495 1542 1525 ut

219 1570 260 1594 se
280 1556 437 1606 praefici
459 1556 636 1606 patiatur,
659 1556 768 1605 quod
789 1563 826 1593 et
847 1555 912 1593 illo
933 1563 970 1593 et
993 1569 1055 1593 me
1075 1554 1307 1592 invitissimo
1329 1554 1404 1591 fiet.
1465 1554 1543 1591 Sed

217 1620 328 1659 aliter
348 1622 512 1659 honeste
544 1620 625 1658 fieri
652 1634 733 1658 non
762 1627 902 1670 potest,
925 1619 1151 1668 praesertim
1181 1632 1271 1656 cum
1292 1618 1416 1656 virum
1447 1617 1544 1667 opti-

218 1698 327 1723 mum
353 1686 609 1736 Pomptinum
637 1698 686 1723 ne
706 1698 813 1723 nunc
833 1684 994 1734 quidem
1022 1684 1186 1722 retinere
1213 1682 1371 1733 possim.
1424 1681 1542 1731 Rapit

219 1749 322 1787 enim
340 1750 543 1788 hominem
565 1749 790 1788 Postumius
812 1751 993 1795 Romani,
1010 1750 1172 1786 fortasse
1193 1747 1310 1786 etiam
1328 1746 1539 1785 Postumia.

161 1827 200 1860 25
274 1815 412 1853 Habes
433 1815 596 1854 consilia
615 1822 747 1853 nostra
762 1829 772 1862 3
800 1828 906 1852 nunc
933 1826 1128 1863 cognosce
1155 1814 1205 1851 de
1227 1814 1358 1850 Bruto.
1420 1809 1544 1848 Fami-

219 1878 320 1917 liaris
347 1880 465 1918 habet
496 1882 638 1917 Brutus
665 1887 755 1917 tuus
785 1879 978 1928 quosdam
1004 1878 1214 1930 creditores
1243 1876 1543 1915 Salaminiorum

219 1958 266 1982 ex
296 1945 437 1993 Cypro,
462 1946 516 1982 M.
542 1944 740 1994 Scaptium
773 1952 810 1981 et
842 1946 882 1980 P.
908 1942 1144 1989 Matinium3
1173 1955 1273 1992 quos
1303 1940 1399 1978 mihi
1427 1940 1545 1978 maio-

218 2022 299 2046 rem
327 2009 366 2046 in
394 2010 557 2047 modum
585 2008 888 2047 commendavit.
949 2007 1161 2045 Matinium
1187 2020 1268 2045 non
1295 2005 1394 2043 novi.
1457 2006 1544 2043 Sca-

218 2073 322 2122 ptius
342 2074 393 2112 ad
420 2086 482 2111 me
504 2073 542 2111 in
567 2081 691 2111 castra
711 2072 826 2110 venit.
886 2071 1087 2110 Pollicitus
1115 2084 1201 2109 sum
1228 2078 1451 2108 curaturum
1480 2082 1544 2107 rne

160 2152 199 2182 30
221 2138 329 2176 Bruti
368 2151 485 2176 causa
523 2144 565 2175 ut
603 2138 638 2176 ei
678 2136 878 2175 Salaminii
916 2136 1124 2186 pecuniam
1170 2137 1374 2174 solverent.
1453 2133 1543 2182 Egit

218 2203 368 2252 gratias.
429 2204 714 2241 Praefecturam
742 2201 887 2251 petivit.
947 2200 1098 2250 Negavi
1122 2214 1185 2238 me
1212 2199 1397 2248 cuiquam
1427 2211 1543 2247 nego-

267 2316 303 2345 14
328 2305 432 2345 κέρας)
451 2306 658 2345 Lycaonium
670 2304 867 2344 Mongaull:
886 2303 1002 2343 κέρασα
1014 2304 1163 2334 omnium
1175 2302 1232 2333 M:
1251 2301 1343 2341 κέρας
1355 2301 1501 2331 Aonium
1518 2301 1546 2332 C

222 2360 258 2387 17
281 2350 314 2379 in
332 2349 406 2380 add.
425 2350 512 2388 vulg.
606 2350 643 2378 18
671 2349 869 2378 Laodiceam
892 2348 959 2378 secl.
983 2348 1117 2377 Ernesti
1203 2357 1244 2385 24
1269 2347 1358 2376 enim
1372 2345 1541 2375 hominem

219 2393 350 2424 [Rom.
371 2405 377 2423 2
402 2393 572 2422 hominem
591 2392 679 2422 enirn
698 2392 758 2422 M:
784 2392 872 2421 enim
890 2392 956 2421 secl.
978 2391 1078 2421 Orelli
1215 2391 1258 2420 26
1283 2388 1543 2420 Salaminiorum

220 2436 327 2476 vulg:
352 2436 597 2467 Salaminorum
615 2435 656 2465 M
670 2436 715 2476 <et
729 2436 773 2466 ita
789 2438 939 2475 semper),
959 2435 1149 2465 Mommsen

1563 1817 1610 1845 10
