1817 2832
548 123 661 162 EPP.
692 123 771 161 AD
798 121 1060 161 ATTICVM
1455 119 1527 157 VI.
1548 118 1580 156 ii

172 234 295 273 duum
330 231 643 283 quadriduumve
682 246 838 272 mecum
877 231 998 271 habui
1030 230 1264 270 turbulentis
1302 229 1343 269 in
1381 230 1498 269 rebus

172 298 315 348 quibus
345 312 436 337 eum
466 297 638 336 liberavi.
698 299 776 337 Sed
808 305 845 336 et
873 304 956 336 tum
982 309 1166 347 praesens
1195 303 1234 335 et
1258 303 1395 346 postea
1421 308 1499 334 cre-

172 362 349 401 berrimis
382 362 517 400 litteris
552 375 633 400 non
667 361 798 401 destiti
832 375 965 411 rogare
996 369 1034 400 et
1072 368 1204 411 petere
1243 374 1331 399 mea
1368 373 1495 407 causa,

172 429 336 467 suadere
356 435 395 466 et
415 427 559 466 hortari
587 440 666 465 sua.
728 428 901 465 Multum
929 426 1075 477 profeci
1103 427 1173 464 sed
1197 433 1389 476 quantum
1416 438 1498 464 non

133 507 149 538 5
171 494 299 543 plane,
340 492 432 542 quia
468 494 584 543 longe
622 493 774 540 absum,
815 491 908 530 scio.
967 491 1200 530 Salaminios
1239 498 1372 529 autem
1408 490 1497 541 (hos

171 557 277 596 enim
311 565 488 607 poteram
522 556 719 608 coercere)
752 555 899 595 adduxi
933 563 975 594 ut
1009 563 1136 594 totum
1167 569 1314 594 nomen
1339 555 1498 605 Scaptio

171 623 316 660 vellent
354 623 503 660 solvere
541 623 617 674 sed!
643 620 866 660 centesimis
900 619 1029 659 ductis
1062 633 1086 658 a
1123 620 1299 670 proxima
1337 619 1499 669 quidem

172 687 391 736 syngrapha
411 699 484 724 nec
504 685 702 736 perpetuis
723 686 793 723 sed
813 684 1007 723 renovatis
1029 684 1252 734 quotannis.
1311 685 1347 722 N
1354 697 1502 722 umera-

173 750 315 788 bantur
335 750 511 788 nummi:
541 749 667 788 noluit
687 749 878 799 Scaptius.
928 751 991 786 Tu
1012 748 1078 799 qui
1099 748 1154 787 ais
1176 751 1341 786 Brutum
1358 761 1500 798 cupere

117 828 154 850 10
172 814 322 865 aliquid
349 815 540 864 perdere?
597 815 818 863 Quaternas
842 814 1014 852 habebat
1041 813 1081 851 in
1111 814 1340 863 syngrapha.
1400 812 1501 851 Fieri

173 893 254 918 non
275 887 425 930 poterat
446 892 530 926 nec,
554 878 583 917 si
605 886 747 929 posset,
771 892 843 929 ego
863 878 943 928 pati
957 891 1126 928 possem.
1181 877 1315 916 Audio
1336 877 1500 916 omnino

174 944 376 994 Scaptium
410 944 620 995 paenitere.
680 945 784 982 Nam
824 944 932 993 quod
967 950 1124 981 senatus
1157 944 1382 981 consultum
1415 955 1500 983 esse

173 1008 331 1047 dicebat
361 1016 402 1046 ut
429 1008 488 1046 ius
517 1021 565 1047 ex
594 1009 813 1058 syngrapha
843 1007 1048 1054 diceretur,
1079 1020 1127 1046 eo
1158 1007 1324 1046 consilio
1354 1008 1500 1045 factum

174 1081 233 1112 est
277 1074 386 1123 quod
432 1073 641 1122 pecuniam
687 1072 888 1111 Salaminii
935 1080 1070 1111 contra
1117 1074 1244 1122 legem
1290 1071 1501 1111 Gabiniam

119 1150 154 1183 15
175 1145 430 1187 sumpserant.
489 1137 660 1176 Vetabat
678 1145 810 1175 autem
830 1136 923 1175 Auli
943 1138 1004 1175 lex
1024 1137 1083 1175 ius
1103 1136 1182 1175 dici
1202 1138 1252 1175 de
1272 1136 1325 1174 ita
1345 1143 1501 1185 sumpta

174 1201 352 1253 pecunia.
412 1201 596 1240 Decrevit
624 1201 739 1251 igitur
771 1209 930 1240 senatus
961 1209 1003 1240 ut
1037 1201 1096 1240 ius
1127 1201 1321 1240 diceretur
1351 1214 1398 1238 ex
1428 1200 1501 1238 ista

174 1268 403 1317 syngrapha.
462 1268 581 1305 Nunc
601 1266 674 1305 ista
700 1267 819 1305 habet
839 1266 931 1305 iuris
955 1266 1061 1305 idem
1083 1267 1191 1316 quod
1218 1273 1379 1313 ceterae,
1403 1265 1500 1303 nihil

174 1331 385 1382 praecipui.
445 1333 560 1370 Haec
584 1345 608 1369 a
634 1345 697 1370 me
724 1331 861 1370 ordine
881 1333 983 1370 facta
1008 1339 1105 1382 puto
1126 1345 1189 1370 me
1218 1333 1338 1369 Bruto
1362 1331 1500 1381 proba·
1518 1331 1541 1369 8

175 1404 316 1443 turum,
341 1395 412 1434 tibi
433 1395 578 1443 nescio,
602 1395 744 1435 Catoni
760 1403 864 1434 certe
884 1397 1073 1446 probabo.

119 1477 156 1499 20
231 1461 310 1499 Sed
331 1460 407 1498 iam
424 1461 475 1498 ad
495 1468 533 1498 te
554 1460 682 1510 ipsum
703 1468 883 1499 revertor.
923 1460 1002 1498 Ain
1024 1461 1195 1508 tandem,
1214 1459 1359 1509 Attice,
1372 1460 1503 1499 lauda-

177 1534 237 1565 tor
257 1525 485 1575 integritatis
506 1533 545 1564 et
565 1525 780 1575 elegantiae
800 1533 966 1572 nostrae,

481 1602 599 1627 ausus
629 1603 670 1627 es
700 1590 776 1628 hoc
804 1603 851 1628 ex
880 1603 946 1628 ore
976 1597 1044 1628 tuo
1065 1613 1116 1617 —
1135 1613 1201 1637 —,

0 1680 2 1713 ὲ
175 1654 303 1704 inquit
334 1653 497 1701 Ennius,
520 1662 562 1692 ut
592 1654 744 1704 equites
775 1655 934 1705 Scaptio
962 1656 1014 1693 ad
1043 1655 1253 1705 pecuniam
1283 1654 1503 1706 cogendam

176 1720 310 1759 darem
349 1733 413 1758 me
451 1722 615 1770 rogare?
682 1722 747 1758 An
785 1728 827 1758 tu
866 1720 898 1759 si
937 1734 1093 1759 mecum
1127 1734 1231 1759 esses
1266 1720 1334 1770 qui
1368 1719 1503 1759 scribis

120 1799 156 1831 ²5
177 1784 346 1823 morderi
376 1792 414 1823 te
443 1784 641 1824 interdurn
670 1787 779 1836 quod
808 1799 889 1824 non
921 1785 1036 1824 simul
1069 1786 1132 1833 sis,
1162 1793 1336 1836 paterere
1366 1799 1428 1823 me
1462 1785 1502 1823 id

177 1850 303 1888 facere
333 1849 364 1887 si
393 1851 564 1888 vellem?
632 1851 749 1888 ‘Non
781 1850 971 1900 amplius'
1005 1850 1135 1900 inquis
1170 1850 1502 1900 ‘quinquaginta’

177 1915 280 1953 Cum
303 1915 489 1964 Spartaco
520 1914 648 1953 minus
678 1914 791 1953 multi
820 1915 946 1965 primo
975 1916 1142 1953 fuerunt.
1203 1915 1311 1963 Quid
1341 1916 1501 1954 tandem

177 1978 239 2017 isti
260 1979 352 2016 mali
372 1978 411 2016 in
433 1986 511 2017 tam
533 1987 666 2018 tenera
685 1980 812 2018 insula
832 1994 912 2018 non
936 1979 1148 2018 fecissent?
1206 1982 1299 2018 Non
1320 1980 1502 2019 fecissent

178 2045 340 2081 autern?
383 2043 505 2081 immo
534 2043 630 2093 quid
658 2051 749 2081 ante
776 2045 989 2082 adventum
1024 2057 1156 2083 meum
1188 2058 1269 2082 non
1298 2045 1501 2083 fecerunt?

121 2120 161 2152 30
181 2109 383 2146 Inclusum
405 2107 444 2145 in
461 2107 566 2146 curia
581 2115 759 2146 senatum
776 2108 997 2146 habuerunt
1014 2109 1269 2147 Salaminium
1286 2109 1338 2147 ita
1357 2111 1502 2147 multos

179 2172 263 2211 dies
295 2180 337 2210 ut
366 2171 580 2210 interierint
610 2185 691 2210 non
720 2172 816 2210 nulli
845 2174 959 2211 fame.
1019 2174 1113 2211 Erat
1146 2174 1251 2212 enim
1285 2175 1503 2224 praefectus

221 2287 241 2317 3
265 2277 386 2307 litteris
403 2277 438 2315 F,
459 2277 496 2316 cf.
517 2288 546 2307 v.
569 2287 618 2308 21.
644 2287 702 2315 14:
728 2288 794 2308 om.
814 2277 902 2308 codd.
923 2278 1013 2307 celeri
1150 2287 1169 2316 5
1194 2278 1264 2308 scio
1280 2281 1350 2309 vett.
1371 2289 1377 2308 :
1400 2279 1502 2309 sciam

178 2320 220 2350 M
304 2331 325 2359 9
349 2321 423 2350 Tun
452 2320 507 2360 qui
526 2320 644 2352 Lamo.
663 2332 669 2351 ε
692 2321 743 2351 Tu
760 2321 836 2359 quis
853 2322 909 2360 qui
932 2320 1073 2360 Tyrrell:
1097 2321 1159 2351 Vbi
1177 2326 1211 2351 tu
1228 2322 1283 2360 qui
1301 2321 1378 2353 coni.
1398 2321 1481 2351 Boot
1497 2333 1504 2352 ε

169 2364 250 2403 sort.
272 2363 391 2402 Tuque
526 2365 564 2394 16
588 2374 628 2394 ex
650 2363 725 2394 add.
749 2363 867 2394 Lamb.
1005 2374 1043 2403 19
1068 2364 1172 2395 tibine
1195 2364 1381 2405 Wesenberg
1396 2365 1500 2403 (‘Em.

179 2408 262 2437 All.v
284 2409 357 2445 108)
503 2417 544 2446 23
568 2411 641 2437 ante
657 2407 764 2446 inquit
780 2407 856 2439 add.
877 2412 913 2438 ut
935 2406 1121 2448 Wesenberg
1244 2410 1287 2439 28
1310 2409 1403 2439 tenui
1421 2408 1508 2439 Reid

179 2451 244 2482 coll.
270 2450 354 2482 Vetr.
376 2451 420 2482 iii.
441 2451 482 2490 85
573 2451 648 2481 Non
668 2451 826 2482 fecissent
844 2461 909 2482 om.
931 2450 991 2480 Ml
