1817 2832
191 127 236 164 V.
256 126 332 163 viii
637 129 692 166 M.
724 129 892 166 TVLLI
925 128 1231 169 CICERONIS

266 237 363 276 illud
402 245 443 276 ut
482 237 555 288 ipsi
594 251 666 277 nos
706 238 737 276 si
777 238 873 289 quid
905 239 1046 278 servari
1084 248 1217 290 posset
1255 255 1374 292 quam
1412 241 1596 281 facillime

222 307 516 344 3servaremus.
595 304 715 341 Nunc
753 317 834 342 rem
875 312 998 342 totam
1042 305 1254 355 perspicias
1291 306 1433 354 velim3
1479 307 1595 346 nobis

265 365 370 404 enim
393 367 615 405 scribuntur
635 381 752 418 saepe
774 368 931 407 maiora.
992 369 1032 408 Si
1053 370 1118 408 ille
1133 370 1316 420 queritur,
1338 371 1370 409 si
1391 371 1524 410 scribit
1543 373 1594 410 ad

263 430 422 478 amicos,
455 432 485 469 si
515 431 621 470 idem
653 435 796 471 Fausta
825 435 917 479 vult,
948 434 1194 482 Philotimus,
1223 443 1266 473 ut
1294 448 1368 484 ego
1397 435 1432 473 ei
1461 449 1594 474 coram

263 495 436 534 dixeram
477 496 652 546 mihique
690 497 754 536 ille
793 506 1003 548 receperat,
1039 512 1089 537 ne
1128 499 1176 537 sit
1209 499 1333 538 invito
1367 500 1520 539 Milone
1554 501 1594 538 in
1615 510 1631 542 5

262 560 387 598 bonis.
450 561 559 600 Nihil
584 562 699 601 nobis
724 564 848 602 fuerat
877 563 984 601 tanti.
1044 564 1113 602 Sin
1140 565 1238 602 haec
1263 563 1409 602 leviora
1428 573 1529 613 sunt,
1552 573 1594 603 tu

261 624 463 664 iudicabis.
518 628 698 677 Loquere
719 641 810 666 curn
835 628 1025 667 Duronio.
1077 628 1221 679 Scripsi
1241 628 1359 667 etiam
1379 630 1431 668 ad
1452 629 1595 668 Camil-

260 691 353 738 lum,
376 693 432 729 ad
452 693 635 740 Caelium,
658 694 708 732 ad
740 694 919 732 Lamiam
951 708 1078 744 eoque
1108 694 1231 744 magis
1261 696 1370 745 quod
1396 708 1476 733 non
1504 708 1595 733 con-

260 756 432 795 fidebam
457 758 609 796 Romae
637 765 675 796 te
696 772 790 797 esse.
853 760 1016 798 Summa
1043 759 1114 798 erit
1134 760 1243 798 haec.
1302 761 1458 798 Statues
1477 767 1520 798 ut
1546 773 1593 799 ex

259 821 349 869 fide,
372 823 475 860 fama
496 835 615 873 reque
637 837 725 862 mea
745 824 951 863 videbitur.
1613 837 1653 860 10

302 938 370 973 IX
589 942 659 975 scr.
677 943 756 974 Acti
772 944 843 975 xvii
856 944 899 976 K.
922 944 1033 984 Quint.
1054 955 1084 975 α,
1105 954 1158 984 703
1177 944 1189 985 (
1195 945 1262 985 51).

681 1015 856 1046 CICERO
882 1015 1053 1047 ATTICO
1079 1016 1176 1048 SAL.

223 1095 240 1121 1
313 1085 473 1124 Actium
495 1086 674 1125 venimus
694 1101 727 1125 a.
744 1089 781 1126 d.
805 1100 892 1125 XVII
922 1090 1010 1126 Kal.
1035 1088 1234 1137 Quintilis,
1258 1101 1349 1126 cum
1370 1087 1531 1138 quidem
1552 1095 1591 1127 et

259 1150 452 1200 Corcyrae
473 1159 510 1189 et
538 1152 695 1201 Sybotis
723 1152 952 1191 muneribus
973 1152 1049 1191 tuis
1070 1166 1172 1203 quae
1198 1161 1237 1191 et
1257 1155 1383 1192 Araus
1411 1161 1450 1192 et
1478 1167 1590 1192 meus

257 1215 406 1253 amicus
429 1217 671 1265 Eutychides
698 1217 859 1267 opipare
885 1225 924 1256 et
948 1220 1329 1269 φιλοπροσηνέστατα
1356 1219 1473 1257 nobis
1499 1232 1589 1257 con-
1612 1230 1648 1262 15

256 1288 455 1329 gesserant
493 1281 639 1331 epulati
682 1296 856 1321 essemus
903 1283 1089 1322 Saliarem
1138 1283 1177 1321 in
1223 1285 1398 1322 modum.
1471 1283 1589 1321 Actio

258 1345 466 1384 maluimus
494 1345 565 1384 iter
591 1347 718 1385 facere
742 1347 912 1396 pedibus
933 1348 1000 1398 qui
1027 1348 1394 1387 incommodissime
1416 1347 1590 1398 navigas-

257 1423 400 1458 semus,
425 1418 463 1449 et
494 1412 708 1449 Leucatam
739 1414 895 1452 flectere
926 1415 1137 1451 molestum
1164 1413 1381 1460 videbatur,
1407 1412 1588 1451 actuariis

255 1482 387 1514 autem
409 1475 568 1515 minutis
591 1479 724 1515 Patras
751 1479 941 1516 accedere
961 1478 1045 1517 sine
1073 1478 1367 1529 impedimentis
1394 1492 1474 1517 non
1496 1478 1587 1516 satis

254 1540 380 1579 visum
402 1549 459 1579 est
481 1543 679 1580 decorum.
742 1545 837 1592 Ego,
862 1551 904 1581 ut
926 1558 1043 1594 saepe
1064 1552 1105 1582 tu
1129 1558 1193 1582 me
1218 1551 1437 1582 currentem
1462 1545 1587 1582 horta·
1609 1556 1647 1578 20

254 1613 315 1643 tus
346 1620 397 1652 es,
422 1606 566 1645 cotidie
597 1607 775 1653 meditor,
806 1608 1006 1657 praecipio
1037 1609 1143 1655 meis,
1174 1609 1314 1647 faciam
1346 1608 1518 1658 denique
1545 1617 1587 1646 ut

253 1684 408 1709 summa
438 1672 632 1710 modestia
662 1680 700 1710 et
731 1686 886 1710 summa
916 1673 1155 1712 abstinentia
1184 1687 1327 1711 munus
1359 1674 1435 1711 hoc
1468 1681 1587 1711 extra-

254 1735 495 1774 ordinarium
517 1737 780 1774 traducamus.
844 1739 1009 1775 Parthus
1031 1737 1148 1776 velim
1176 1737 1352 1787 quiescat
1373 1745 1411 1775 et
1431 1739 1586 1776 fortuna

256 1814 327 1839 nos
349 1801 462 1847 iuvet,
486 1809 619 1840 nostra
638 1802 934 1851 praestabimus.

211 1868 237 1896 2
309 1868 372 1903 Tu
404 1880 550 1916 quaeso
582 1867 678 1916 quid
711 1881 814 1917 agas,
848 1868 915 1906 ubi
944 1881 1103 1918 quoque
1133 1875 1310 1918 tempore
1339 1869 1489 1906 futurus
1520 1868 1581 1915 sis,
1605 1878 1642 1910 25

254 1931 379 1981 qualis
401 1945 459 1969 res
480 1940 632 1971 nostras
662 1935 816 1972 Romae
843 1933 1055 1983 reliqueris,
1078 1933 1246 1971 maxime
1267 1934 1317 1971 de
1342 1928 1400 1971 3<—
1421 1942 1458 1972 et
1480 1947 1584 1973 DCCC

253 2009 345 2034 cura
372 2004 413 2034 ut
444 1997 623 2036 sciamus.
686 2000 735 2037 Id
762 1998 850 2037 unis
880 1998 1086 2048 diligenter
1113 1997 1248 2036 litteris
1278 1998 1378 2036 datis
1406 2012 1506 2048 quae
1533 2001 1584 2038 ad

254 2075 317 2099 me
347 2061 482 2111 utique
510 2065 751 2113 perferantur
779 2077 1030 2113 consequere.
1093 2064 1197 2101 Illud
1224 2070 1368 2111 tamen,
1395 2064 1584 2114 quoniam

252 2140 358 2165 nunc
378 2127 472 2166 abes
500 2142 590 2166 cum
622 2129 661 2167 id
689 2122 779 2167 non'
799 2128 933 2178 agitur,
957 2127 1084 2166 aderis
1110 2135 1243 2166 autem
1273 2129 1324 2166 ad
1351 2136 1516 2179 tempus,
1541 2136 1583 2168 ut

296 2234 316 2263 8
339 2233 381 2263 ad
399 2233 550 2264 Caelium
572 2232 646 2264 add.
664 2232 795 2263 Scln'clze
810 2231 878 2263 coll.
895 2230 990 2262 Fam.
1006 2231 1072 2261 viii.
1092 2241 1122 2269 3.
1139 2241 1168 2269 2,
1189 2231 1263 2261 bene
1355 2233 1393 2261 16
1418 2231 1581 2262 Saliarem

255 2275 299 2307 C:
325 2277 390 2307 alia
415 2287 485 2307 rem
507 2271 554 2305 'M
746 2285 785 2315 19
809 2275 882 2306 sine
909 2275 986 2314 imp.
1021 2278 1063 2305 Σε
1091 2275 1200 2307 Crat.:
1226 2276 1277 2305 sin
1311 2276 1359 2306 eis
1394 2276 1463 2314 imp
1506 2275 1579 2305 M1:

242 2320 323 2358 sort,
351 2321 425 2351 sinc
453 2321 535 2350 meis
563 2319 641 2358 imp.
777 2328 816 2356 25
841 2327 974 2356 quoque
997 2316 1140 2347 Rosius:
1164 2327 1296 2355 quoque
1321 2319 1383 2348 hoc
1405 2317 1451 2353 M,
1471 2318 1527 2348 scd
1544 2320 1587 2358 'fi

256 2374 304 2395 10.
318 2374 337 2402 5
473 2365 514 2393 26
540 2364 581 2393 de
599 2372 645 2392 xx
664 2361 850 2393 Corradus:
876 2361 918 2391 de
944 2370 1011 2390 cxx
1031 2360 1077 2400 M,
1097 2359 1153 2390 sed
1173 2361 1207 2400 cs.
1228 2370 1256 2399 5.
1277 2370 1296 2390 2
1386 2366 1419 2391 et
1438 2362 1554 2393 Lcmtb.
1572 2373 1578 2392 :

252 2411 285 2437 et
302 2408 343 2437 de
360 2407 401 2437 M
1571 2426 1576 2431 .
