1817 2832
280 126 397 164 VIII.
418 125 498 163 xvi
795 127 907 164 EPP.
940 126 1017 163 AD
1048 126 1328 165 ATTICVM·

385 251 447 276 me
468 237 584 287 igitur
610 236 641 274 is
664 236 776 275 ducit
805 238 874 275 sed
902 250 1031 275 sermo
1063 236 1270 275 hominum
1297 235 1364 286 qui
1391 236 1442 275 ad
1463 249 1525 276 me
1545 250 1569 275 a
1591 237 1718 276 Philo-

383 302 483 340 timo
504 301 695 340 scribitur.
757 303 796 339 Is
827 301 932 339 enim
964 315 1027 339 me
1055 302 1106 340 ab
1136 300 1392 351 optimatibus
1421 299 1474 339 ait
1501 301 1714 340 conscindi.

383 366 540 415 Quibus
571 365 840 416 optimatibus,
873 366 914 404 di
945 366 1063 404 boni!
1094 365 1161 415 qui
1191 379 1298 404 nunc
1327 379 1407 416 quo
1438 367 1558 404 modo
1587 379 1718 404 occur-

382 438 482 477 runt,
518 444 598 480 quo
634 431 755 469 modo
786 437 919 469 autem
954 444 995 469 se
1024 430 1229 469 venditant
1259 429 1440 470 Caesari!
1500 429 1717 480 Municipia

382 509 474 534 vero
495 497 627 542 deum,
651 509 725 534 nec
755 495 954 543 simulant,
976 503 1018 533 ut
1039 509 1129 534 cum
1151 497 1201 534 de
1222 495 1289 534 illo
1316 502 1475 545 aegroto
1495 502 1586 533 vota
1605 494 1716 533 facie·
1735 508 1752 540 5

339 569 362 595 2
383 560 488 598 bant.
549 562 627 598 Sed
649 562 764 611 plane
794 560 984 611 quicquid
1015 560 1105 598 mali
1136 560 1199 598 hic
1231 559 1452 598 Pisistratus
1483 573 1562 598 non
1584 559 1715 597 fecerit

382 635 461 663 tam
491 633 643 675 gratum
674 625 744 664 erit
774 639 894 676 quam
924 625 955 663 si
985 626 1105 664 alium
1134 627 1261 663 facere
1285 624 1539 674 prohibuerit.
1598 626 1719 663 [ἱππί

381 689 594 740 propitium
625 698 792 740 sperant,
817 690 927 728 illum
957 690 1097 728 iratum
1129 698 1279 739 putant.
1341 690 1451 738 Quas
1476 688 1557 727 fieri
1578 702 1714 727 censes

379 756 603 805 ἀπαντήσεις
633 769 680 793 ex
706 755 875 805 oppidis,
909 768 1008 805 quos
1041 756 1238 793 honores!
1282 756 1513 792 ‘Metuunt'
1547 753 1709 804 inquies,

380 821 523 867 Credo,
553 821 623 858 sed
649 833 711 858 me
732 821 890 859 hercule
922 820 1031 858 illum
1062 819 1195 870 magis.
1256 819 1389 857 Huius
1421 818 1609 857 insidiosa
1640 820 1713 857 cle·
1735 834 1772 855 10

381 885 528 923 mentia
566 886 821 932 delectantur,
858 885 961 923 illius
996 884 1241 923 iracundiam
1272 884 1496 922 formidant.
1556 883 1712 922 Iudices

379 950 428 988 de
463 961 594 988 CCCLX
634 949 701 999 qui
740 949 949 1000 praecipue
984 951 1124 987 Gnaeo
1159 957 1293 987 nostro
1327 948 1633 996 delectabantur,
1666 962 1713 987 ex

379 1014 523 1064 quibus
544 1014 691 1053 cotidie
712 1014 884 1064 aliquem
905 1014 1032 1060 video,
1057 1013 1190 1052 nescio
1212 1027 1309 1063 quas
1330 1013 1413 1052 eius
1431 1013 1613 1052 Lucerias
1627 1015 1712 1052 hor-

380 1087 474 1118 rent.
538 1081 678 1129 Itaque
708 1093 854 1129 quaero
881 1078 948 1128 qui
979 1079 1056 1116 sint
1081 1078 1142 1116 isti
1169 1078 1379 1128 optimates
1407 1077 1474 1128 qui
1500 1092 1561 1116 me
1588 1086 1710 1116 extur-

381 1145 474 1183 bent
495 1158 584 1182 cum
607 1143 680 1194 ipsi
701 1144 809 1182 domi
832 1151 1026 1181 maneant.
1087 1144 1165 1181 Sed
1183 1151 1330 1191 tamen,
1346 1143 1585 1193 quicumque
1605 1151 1705 1191 sunt,
1732 1159 1766 1190 15

381 1213 389 1229 ‘
403 1210 568 1259 αἰδέομαι
583 1210 729 1259 Τρῶας]
788 1208 871 1246 Etsi
888 1222 966 1258 qua
979 1222 1047 1258 spe
1064 1208 1287 1258 proficiscar
1300 1208 1416 1246 video
1432 1207 1708 1258 coniungoque

379 1289 441 1314 me
462 1289 552 1313 cum
574 1274 735 1312 homine
763 1273 885 1323 magis
914 1275 965 1311 ad
986 1275 1216 1312 vastandam
1245 1272 1399 1311 Italiam
1421 1286 1539 1322 quam
1560 1274 1611 1311 ad
1631 1273 1709 1311 vin-

377 1341 548 1378 cendum
588 1346 723 1389 parato
761 1338 1050 1387 dominumque
1084 1345 1278 1388 exspecto.
1341 1340 1391 1375 Et
1425 1337 1586 1387 quidem
1618 1351 1707 1375 cum

378 1406 474 1443 haec
495 1404 716 1442 scribebam
739 1416 801 1441 1111
825 1405 962 1441 Nonas
983 1403 1060 1441 iam
1082 1403 1358 1453 exspectabam
1378 1402 1528 1452 aliquid
1543 1416 1566 1440 a
1588 1404 1708 1440 Brun-

377 1469 487 1508 disio.
548 1469 657 1518 Quid
677 1476 811 1508 autem
831 1468 1054 1518 ‘aliquid'?
1083 1482 1202 1518 quam
1230 1467 1322 1506 inde
1347 1467 1508 1518 turpiter
1534 1467 1706 1517 fugisset,
1727 1484 1767 1506 20

376 1542 414 1573 et
436 1534 559 1572 victor
579 1534 642 1572 hic
663 1547 741 1584 qua
761 1547 802 1572 se
824 1534 979 1571 referret
1000 1540 1038 1570 et
1059 1546 1149 1582 quo.
1210 1533 1331 1581 Quod
1353 1532 1421 1570 ubi
1441 1531 1651 1579 audissem,
1675 1531 1706 1570 si

376 1598 439 1638 ille
460 1598 590 1649 Appia
610 1598 768 1645 veniret,
793 1611 866 1647 ego
887 1597 1081 1647 Arpinum
1103 1596 1335 1646 cogitabam.

418 1712 437 1741 5
463 1700 578 1740 deum]
608 1705 644 1731 ut
673 1701 739 1731 deo
772 1700 895 1739 Tyrrell
1022 1711 1039 1739 7
1067 1700 1170 1730 Hunc
1194 1699 1268 1731 add.
1294 1700 1388 1730 Rom.
1521 1710 1558 1730 12
1583 1701 1624 1731 de
1643 1700 1700 1733 del.

378 1745 567 1784 lVeseubetg
653 1754 758 1774 CCCLX
775 1743 904 1777 Iunius,
923 1744 961 1782 cf.
977 1744 1074 1774 Fam.
1092 1745 1161 1774 viii.
1177 1745 1207 1774 8.
1226 1754 1263 1782 5:
1287 1753 1356 1775 CCC.
1375 1743 1394 1774 l.
1417 1744 1458 1773 M
1577 1754 1614 1783 13
1640 1745 1704 1774 Lu-

374 1789 481 1819 cerias
499 1787 556 1818 M:
582 1789 691 1818 minas
709 1788 753 1818 C:
783 1787 964 1817 Lucerinas
983 1788 1090 1818 minas
1110 1788 1189 1818 coni.
1207 1787 1319 1817 Baiter
1452 1788 1490 1817 18
1515 1788 1702 1818 dominum-

373 1842 440 1872 que
458 1832 578 1862 Klolz:
604 1832 736 1862 domum
754 1841 853 1871 quem
869 1830 976 1862 codd.:
1003 1831 1174 1862 dominum
1192 1831 1330 1870 quidem
1349 1829 1488 1871 Madvzgr
