1817 2832
116 125 185 162 VI.
204 125 219 161 i

156 824 207 852 22

159 1476 211 1514 23

588 124 645 161 M.
678 122 848 160 TVLLI
879 121 1186 161 CICERONIS

223 235 431 286 spondisse
445 248 455 282 3
484 234 603 284 paulo
627 233 768 272 vellem
798 231 994 271 fidentius.
1054 233 1159 271 Nam
1187 232 1344 273 Caelius
1370 233 1555 273 libertum

223 300 275 339 ad
309 313 372 338 me
408 298 512 337 misit
543 305 581 336 et
614 297 761 335 litteras
799 305 980 336 accurate
1014 297 1176 348 scriptas
1209 305 1248 336 et
1277 299 1327 337 de
1357 298 1556 349 pantheris

223 367 294 403 et†
325 378 348 402 a
376 363 610 402 civitatibus.
671 361 872 412 Rescripsi
900 364 1066 400 alterum
1096 376 1160 400 me
1191 364 1356 401 moleste
1388 364 1496 410 ferre,
1526 362 1558 401 si

223 443 298 479 ego
330 429 368 467 in
402 427 573 467 tenebris
607 428 768 465 laterem
803 441 877 466 nec
910 427 1110 466 audiretur
1144 429 1298 465 Romae
1331 429 1483 465 nullum
1517 427 1557 465 in

224 507 312 532 mea
329 492 530 543 provincia
545 505 754 530 nummum
771 491 845 530 nisi
862 492 901 529 in
914 505 980 530 aes
996 492 1168 530 alienum
1185 491 1343 542 erogari,
1360 491 1558 542 docuique

224 571 298 597 nec
320 557 417 595 mihi
437 557 647 595 conciliare
663 556 874 607 pecuniam
891 556 1007 595 licere
1027 570 1101 595 nec
1117 557 1171 595 illi
1187 570 1327 606 capere
1344 556 1560 606 monuique

224 636 316 662 eum
352 635 471 673 quem
505 624 622 673 plane
656 622 778 672 diligo
812 630 854 660 ut
888 636 978 661 cum
1012 622 1110 661 alios
1147 629 1370 661 accusasset
1407 621 1560 660 cautius

225 688 393 735 viveret;
431 687 529 726 illud
565 695 699 726 autem
732 689 898 726 alterum
936 687 1110 726 alienum
1149 701 1234 726 esse
1272 686 1560 726 existimatione

226 766 324 800 mea,
348 752 553 802 Cibyratas
580 752 745 802 imperio
771 766 862 790 meo
887 752 1045 802 publice
1070 752 1212 790 venari.

281 820 407 869 Lepta
434 825 501 856 tua
529 816 697 868 epistula
722 817 869 868 gaudio
898 819 1064 856 exsultat
1078 832 1089 865 3
1117 816 1264 856 etenim
1289 816 1433 867 scripta
1458 817 1561 855 belle

227 890 285 922 est
313 896 457 933 meque
481 883 588 932 apud
619 896 709 921 eum
741 896 883 932 magna
911 882 951 920 in
979 882 1101 933 gratia
1130 882 1271 933 posuit.
1333 882 1472 921 Filiola
1496 889 1562 919 tua

226 954 379 999 gratum
414 946 510 985 mihi
544 947 635 985 fecit
671 948 780 998 quod
812 946 882 986 tibi
917 947 1123 998 diligenter
1157 947 1359 986 mandavit
1393 954 1435 985 ut
1467 945 1563 984 mihi

227 1014 393 1052 salutem
416 1011 669 1059 adscriberes,
692 1020 844 1062 gratum
874 1012 993 1051 etiam
1018 1012 1127 1059 Pilia,
1156 1013 1226 1050 sed
1257 1012 1322 1051 illa
1351 1011 1562 1051 officiosius

228 1078 337 1128 quod
369 1076 465 1114 mihi
495 1090 614 1126 quem
643 1076 721 1115 iam
753 1077 907 1127 pridem
928 1107 936 1115 .
961 1108 968 1116 .
993 1108 1000 1115 .
1022 1090 1240 1127 numquam
1272 1077 1379 1116 vidit.
1441 1077 1563 1127 Igitur

229 1149 271 1181 tu
292 1155 453 1192 quoque
473 1142 640 1179 salutem
661 1141 815 1191 utrique
842 1141 1066 1180 adscribito.
1127 1142 1362 1180 Litterarum
1383 1143 1562 1180 datarum

229 1206 313 1246 dies
333 1220 387 1257 pr.
409 1207 497 1244 Kal.
517 1207 671 1245 Ianuar.
690 1220 850 1245 suavem
871 1207 1010 1245 habuit
1029 1206 1344 1246 recordationem
1361 1206 1563 1246 clarissimi

228 1271 320 1311 iuris
350 1271 503 1310 iurandi
534 1272 643 1321 quod
673 1285 746 1322 ego
780 1286 861 1311 non
892 1286 998 1310 eram
1032 1272 1189 1311 oblitus.
1251 1275 1422 1323 Magnus
1456 1272 1563 1311 enim

228 1345 491 1390 praetextatus
512 1337 579 1376 illo
599 1337 664 1377 die
685 1337 750 1376 fui.
811 1338 950 1377 Habes
970 1339 1021 1377 ad
1043 1338 1186 1377 omnia.
1247 1341 1351 1386 Non,
1371 1346 1414 1378 ut
1433 1346 1565 1389 postu-

228 1402 327 1450 lasti,
349 1404 492 1454 χρύσεα
510 1404 693 1454 χαλκείων
712 1403 783 1442 sed
803 1403 910 1452 paria
929 1403 1088 1454 paribus
1109 1404 1397 1454 respondimus.

285 1470 390 1508 Ecce
423 1475 556 1508 autem
590 1468 666 1508 alia
698 1468 840 1519 pusilla
873 1468 1041 1519 epistula
1074 1483 1193 1519 quam
1228 1483 1309 1508 non
1343 1469 1561 1519 relinquam

231 1534 538 1583 ἅναντιφώνητον.
599 1535 708 1573 Bene
737 1547 801 1572 me
830 1534 988 1573 hercule
1016 1534 1179 1584 †potuit
1200 1534 1393 1573 Lucceius
1414 1536 1564 1573 Tuscu-

230 1600 377 1646 lanum,
403 1598 477 1636 nisi
499 1600 598 1636 forte
620 1598 735 1648 (solet
756 1598 879 1648 enim)
901 1612 991 1636 cum
1014 1612 1086 1637 suo
1107 1598 1268 1637 tibicine
1282 1603 1314 1638 †.
1376 1601 1426 1637 Et
1446 1599 1563 1638 velim

232 1664 329 1704 scire
350 1663 416 1714 qui
441 1663 489 1702 sit
509 1663 592 1702 eius
616 1671 750 1701 status.
810 1665 1024 1702 Lentulum
1049 1664 1212 1714 quidem
1237 1672 1414 1702 nostrum
1435 1666 1564 1703 omnia

232 1736 383 1780 praeter
413 1729 685 1767 Tusculanum
722 1728 995 1778 proscripsisse
1033 1729 1163 1767 audio.
1229 1729 1360 1779 Cupio
1398 1731 1470 1767 hos
1505 1744 1565 1768 ex-

232 1793 386 1845 peditos
411 1792 558 1841 videre,
578 1792 695 1843 cupio
722 1792 840 1833 etiarn
868 1793 1050 1841 Sestium,
1076 1795 1180 1832 adde
1210 1793 1261 1832 sis
1290 1793 1494 1842 Caelium3
1524 1794 1564 1832 in

232 1858 376 1909 quibus
397 1858 582 1897 omnibus
603 1865 661 1897 est

413 1923 592 1962 Αἴδεσθεν
619 1925 687 1973 μὲν
715 1924 920 1973 ἀνήνασθαι
949 1923 1076 1962 δεῖσαν
1105 1924 1135 1962 δ’
1163 1924 1373 1975 ὑποδέχθαι.

236 1989 297 2028 De
325 1988 520 2027 Memmio
549 1988 791 2027 restituendo
822 1996 864 2027 ut
889 1989 1009 2028 Curio
1039 1989 1184 2039 cogitet
1211 1996 1249 2027 te
1275 1990 1432 2028 audisse
1456 1997 1562 2040 puto.

236 2055 298 2092 De
320 2053 461 2104 Egnati
483 2053 647 2093 Sidicini
668 2054 829 2092 nornine
850 2067 923 2092 nec
945 2056 1051 2092 nulla
1073 2067 1145 2092 nec
1166 2067 1308 2104 magna
1327 2068 1396 2104 spe
1417 2068 1562 2092 sumus.

279 2156 299 2184 3
323 2149 357 2175 et
373 2156 392 2175 a
411 2145 470 2176 W:
495 2146 555 2176 sed
573 2156 591 2175 a
610 2145 670 2176 M:
696 2146 785 2176 etde
799 2143 918 2174 Lamb.
968 2154 986 2173 a
1004 2143 1210 2183 civitatibus]
1227 2144 1268 2174 de
1280 2145 1501 2183 vectigalibus
1512 2146 1564 2177 Fr.

234 2187 385 2221 Schmidt
520 2199 557 2226 14
583 2189 648 2218 iam
671 2188 801 2226 pridem
821 2187 888 2218 secl.
910 2187 1003 2218 Man.
1023 2199 1029 2218 ε
1056 2191 1132 2228 post
1150 2188 1214 2218 iam
1233 2189 1363 2227 pridem
1385 2188 1460 2219 add.
1483 2190 1567 2219 hacc

235 2233 411 2263 amabilius
436 2232 523 2270 quod
549 2232 674 2262 homini
701 2231 815 2269 ignoto
838 2241 937 2270 quem
961 2231 1095 2270 quidem
1121 2231 1299 2262 Lehmann
1434 2234 1472 2262 16
1496 2233 1568 2263 dies

241 2276 387 2306 WHNO
405 2287 411 2306 ;
436 2286 500 2305 om.
522 2274 561 2304 M
695 2285 731 2313 17
756 2275 891 2313 oblitus,
908 2285 1050 2313 magnus
1072 2274 1261 2315 ll'esenberg
1375 2285 1413 2305 21
1440 2276 1565 2316 potuit]

237 2319 413 2359 proposuit
431 2318 631 2348 Bmztivolr'rts
646 2329 652 2348 :
677 2318 877 2358 proscripsit
895 2317 1023 2356 Kayser
1153 2328 1194 2357 23
1217 2318 1274 2357 qui
1295 2317 1422 2350 Il'OP:
1446 2319 1520 2358 quis
1538 2324 1566 2349 Δ

238 2363 309 2393 eius
334 2367 440 2393 status
462 2361 624 2392 IVOPN:
648 2366 756 2392 status
781 2362 853 2391 eius
871 2366 898 2391 Δ
987 2361 1100 2394 omnia
1116 2362 1192 2394 add.
1213 2361 1332 2393 Lamb.
1456 2372 1497 2402 25
1521 2362 1566 2393 sis

243 2406 305 2437 W:
332 2406 370 2437 iis
390 2405 430 2436 M
516 2405 551 2436 in
573 2404 806 2437 lVAntl'OP:
830 2415 893 2436 om.
914 2404 1003 2436 NMs

1579 504 1595 535 5

1582 829 1622 851 10

1586 1152 1622 1184 15

1584 1484 1625 1506 20

1587 1807 1625 1839 25
