1790 2837
570 108 681 145 EPP.
714 108 792 144 AD
822 106 1082 145 ATTICVM
1490 105 1567 142 ΙΙΙ.
1587 105 1633 140 ix

234 217 344 256 malis
375 216 414 255 in
444 223 552 255 metu
581 223 652 264 est,
673 215 796 255 fratris
826 215 955 254 miseri
982 214 1208 266 negotium,
1242 215 1349 265 quod
1377 213 1407 252 si
1435 214 1556 252 sciam

231 282 372 333 quoius
398 281 506 320 modi
527 281 585 328 sit,
608 281 727 320 sciam
753 281 848 331 quid
874 282 1072 331 agendum
1104 280 1200 318 mihi
1227 280 1286 318 sit.
1346 282 1415 318 Me
1439 280 1557 318 etiam

232 361 338 385 nunc
358 347 520 385 istorum
542 346 824 385 beneficiorum
852 354 890 384 et
911 345 1123 384 litterarum
1151 345 1404 395 exspectatio,
1424 353 1466 383 ut
1487 345 1557 383 tibi

232 413 372 462 placet,
389 411 695 450 Thessalonicae
712 418 827 449 tenet.
870 410 909 448 Si
926 410 1021 460 quid
1038 409 1108 448 erit
1125 409 1216 448 novi
1231 411 1417 456 adlatum,
1436 410 1557 448 sciam

194 488 211 520 5
233 478 282 516 de
303 476 452 527 reliquo
473 476 569 526 quid
589 477 786 526 agendum
807 475 867 513 sit.
925 476 987 513 Tu
1017 475 1058 522 si,
1083 482 1125 513 ut
1149 475 1296 522 scribis,
1322 477 1408 513 Kal.
1434 475 1558 513 Iuniis

233 544 364 581 Roma
406 543 603 591 profectus
645 555 697 589 es,
742 554 864 592 prope
902 539 1009 579 diem
1048 554 1120 578 nos
1158 540 1321 579 videbis.
1392 540 1557 578 Litteras

232 621 329 657 quas
373 608 424 645 ad
470 606 705 657 Pompeium
751 605 884 657 scripsi
931 605 1002 644 tibi
1041 605 1138 644 misi.
1217 608 1321 645 Data
1366 607 1425 645 Id.
1468 608 1554 645 Iun.

232 672 549 712 Thessalonicae.

274 801 318 836 X
473 804 542 836 Scr.
568 804 808 836 Thessalonicae
822 805 878 836 xiv
894 804 937 837 K.
956 804 1069 845 Quint.
1087 815 1116 836 a.
1139 805 1202 847 696
1220 804 1308 847 (58).

178 899 214 920 10
652 894 824 925 CICERO
848 893 1019 925 ATTICO
1045 894 1141 926 SAL.

285 984 386 1020 Acta
406 996 507 1033 quae
527 990 657 1020 essent
678 996 802 1032 usque
828 984 879 1021 ad
900 997 936 1020 a.
957 984 992 1020 d.
1016 995 1090 1020 vm
1114 984 1201 1020 Kal.
1227 982 1359 1021 Iunias
1387 983 1553 1033 cognovi
1571 995 1590 1023 1

231 1059 278 1084 ex
320 1046 394 1084 tuis
439 1046 573 1085 litteris
588 1061 598 1094 ,-
645 1046 793 1096 reliqua
835 1047 1125 1096 exspectabam,
1164 1054 1207 1085 ut
1247 1047 1318 1085 tibi
1362 1048 1553 1097 placebat,

231 1111 548 1149 Thessalonicae.
609 1111 764 1160 Quibus
785 1111 924 1149 adlatis
952 1111 1102 1149 facilius
1130 1119 1298 1150 statuere
1325 1120 1462 1161 potero
1490 1112 1558 1151 ubi

232 1175 316 1214 sim.
377 1178 480 1214 Nam
503 1176 534 1214 si
554 1176 625 1214 erit
645 1190 773 1223 causa,
797 1176 828 1214 si
849 1176 945 1226 quid
971 1184 1119 1226 agetur,
1140 1177 1170 1215 si
1192 1191 1303 1227 spem
1324 1177 1469 1224 videro,
1492 1185 1559 1216 aut

152 1255 211 1294 *15
233 1240 380 1279 ibidem
402 1241 581 1291 opperiar
606 1248 673 1279 aut
694 1255 758 1280 me
784 1242 835 1280 ad
862 1249 900 1280 te
927 1242 1152 1289 conferam,
1180 1242 1251 1289 sin,
1274 1249 1316 1280 ut
1341 1249 1382 1280 tu
1409 1242 1556 1289 scribis,

232 1306 305 1344 ista
335 1306 572 1352 evanuerint,
605 1306 754 1356 aliquid
787 1306 894 1345 aliud
925 1306 1158 1345 videbimus.
1218 1307 1394 1346 Omnino
1427 1309 1560 1347 adhuc

233 1371 328 1409 nihil
350 1371 446 1409 mihi
473 1371 697 1421 significatis
724 1371 797 1409 nisi
818 1371 1055 1410 discordiam
1082 1372 1271 1420 istorum,
1304 1386 1406 1422 quae
1427 1380 1559 1411 tamen

233 1435 332 1474 inter
352 1450 419 1474 eos
440 1437 490 1475 de
510 1436 695 1475 omnibus
715 1436 845 1486 potius
866 1438 982 1475 rebus
1003 1444 1061 1475 est
1081 1451 1199 1487 quam
1221 1439 1271 1476 de
1292 1451 1366 1476 me.
1418 1440 1558 1488 Itaque

233 1501 329 1551 quid
368 1514 414 1539 ea
457 1500 553 1538 mihi
591 1501 712 1550 prosit
750 1501 884 1540 nescio
931 1503 1001 1540 sed
1039 1510 1172 1540 tamen
1211 1504 1343 1552 quoad
1387 1516 1450 1541 me
1488 1517 1557 1541 vos

175 1580 215 1603 20
233 1580 386 1617 sperare
426 1566 541 1604 vultis
580 1566 691 1605 vobis
729 1567 1024 1617 obtemperabo.
1084 1569 1188 1605 Nam
1228 1569 1336 1617 quod
1375 1582 1439 1606 me
1478 1576 1600 1608 tamz

231 1645 348 1682 saepe
383 1639 421 1670 et
455 1639 534 1670 tam
564 1633 817 1670 vehementer
845 1631 1027 1682 obiurgas
1057 1639 1096 1670 et
1125 1632 1259 1671 animo
1288 1633 1444 1671 infirmo
1473 1647 1557 1671 esse

231 1697 339 1744 dicis,
375 1711 534 1747 quaeso,
567 1698 724 1746 ecquod
769 1704 921 1734 tantum
964 1698 1111 1735 malum
1150 1705 1208 1735 est
1246 1699 1355 1747 quod
1393 1697 1432 1736 in
1472 1712 1558 1736 mea

231 1762 453 1801 calamitate
483 1776 564 1801 non
598 1762 676 1800 sit?
713 1761 847 1812 ecquis
877 1775 1066 1811 umquam
1095 1769 1176 1799 tarn
1206 1776 1252 1800 ex
1280 1764 1413 1811 amplo
1443 1770 1554 1807 statu,

231 1834 311 1866 tam
333 1827 373 1866 in
394 1828 500 1866 bona
521 1842 649 1875 causa,
668 1828 785 1866 tantis
806 1827 1055 1866 facultatibus
1076 1826 1218 1877 ingeni,
1234 1827 1383 1874 consili,
1401 1828 1556 1877 gratiae,

175 1906 211 1937 ²5
233 1893 349 1931 tantis
371 1893 572 1943 praesidiis
594 1894 789 1932 bonorum
812 1893 991 1931 omnium
1016 1892 1220 1931 concidit?
1276 1895 1442 1931 Possum
1463 1894 1559 1932 obli-

231 1958 326 1996 visci
353 1958 419 2008 qui
444 1958 594 2005 fuerim,
618 1973 698 1997 non
726 1958 868 1997 sentire
896 1958 963 2008 qui
993 1959 1080 2005 sim,
1107 1971 1187 2007 quo
1214 1971 1367 1997 caream
1395 1960 1555 2004 honore,

231 2036 310 2073 qua
347 2023 479 2073 gloria,
518 2024 661 2073 quibus
706 2023 847 2070 liberis,
888 2023 1032 2072 quibus
1078 2023 1253 2070 fortunis,
1294 2037 1374 2073 quo
1416 2025 1558 2062 fratre?

233 2089 364 2137 Quem
404 2101 487 2137 ego,
524 2095 566 2126 ut
600 2102 747 2127 novum
781 2087 1011 2126 calamitatis
1045 2100 1168 2137 genus
1207 2089 1398 2135 attendas,
1434 2102 1556 2137 quom

232 2152 351 2203 pluris
379 2153 547 2191 facerem
575 2166 695 2203 quam
722 2166 785 2191 me
810 2152 939 2202 ipsum
966 2165 1199 2202 semperque
1227 2152 1420 2200 fecissem,
1439 2152 1556 2190 vitavi

276 2267 296 2295 3
320 2256 579 2297 beneficiorum]
599 2258 809 2287 comitiorum
831 2256 1015 2287 Gronovius
1190 2267 1225 2287 11
1252 2267 1280 2288 a.
1301 2257 1331 2287 d.
1352 2256 1428 2288 add.
1448 2256 1562 2287 Baiter

232 2310 273 2338 23
297 2306 364 2330 tam
382 2311 425 2330 ex
446 2301 558 2340 amplo
577 2305 759 2339 statu,tam
782 2301 815 2330 in
834 2301 956 2332 Rom.:
981 2305 1048 2330 tam
1066 2300 1239 2340 extemplo
1256 2311 1274 2331 a
1291 2305 1379 2331 statu
1399 2302 1432 2331 in
1452 2300 1493 2330 M
1508 2301 1554 2337 tin

233 2344 365 2384 rasura)
