1817 2832
652 144 765 183 EPP.
796 146 874 183 AD
903 146 1164 187 ATTICVM
1514 150 1583 187 IV.
1602 149 1679 186 viii

245 252 454 292 Aedificati
484 254 553 293 tibi
585 254 623 292 in
647 256 746 305 agris
775 256 871 295 nihil
899 258 1058 308 reperio.
1120 261 1168 297 In
1198 259 1346 309 oppido
1376 267 1433 298 est
1463 259 1573 309 quid-

245 319 349 365 dam,
372 320 422 357 de
443 333 522 369 quo
543 328 600 358 est
621 321 786 359 dubium
812 322 912 361 sitne
932 325 1080 370 venale,
1103 337 1148 362 ac
1169 324 1389 374 proximum
1411 324 1572 374 quidem

245 383 387 421 nostris
415 384 591 423 aedibus.
652 387 744 424 Hoc
774 386 883 434 scito,
916 387 1081 426 Antium
1113 390 1348 427 Buthrotum
1380 402 1464 427 esse
1496 391 1572 427 Ro-

246 461 344 495 rnae,
367 457 409 486 ut
431 450 624 499 Corcyrae
644 450 740 490 illud
772 459 882 489 tuum
903 454 1080 491 Antium.
1141 454 1250 492 Nihil
1272 454 1451 504 quietius,
1475 454 1573 493 nihil

207 526 224 559 5
244 513 374 560 alsius,
397 514 494 552 nihil
514 515 729 554 amoenius.

616 582 687 631 Εἴη
717 599 780 631 μοι
809 581 914 622 οὗτος
942 584 1055 632 φίλος
1084 583 1192 624 οἶκος.

246 644 388 681 Postea
421 657 512 683 vero
551 658 670 695 quam
703 647 904 696 Tyrannio
938 647 1034 685 mihi
1068 647 1187 686 libros
1222 648 1425 699 disposuit,
1459 663 1569 687 mens
1589 659 1614 686 2

244 708 380 746 addita
410 708 563 747 videtur
592 710 688 748 meis
717 711 893 749 aedibus.
953 713 1044 760 Qua
1075 712 1236 762 quidem
1267 713 1306 751 in
1338 727 1378 752 re
1410 713 1571 752 mirifica

245 786 364 822 opera
386 773 551 823 Dionysi
572 782 610 812 et
632 776 854 826 Menophili
875 776 930 814 tui
950 776 1032 815 fuit.
1092 777 1201 815 Nihil
1222 778 1422 816 venustius
1453 792 1571 828 quam

188 853 226 876 10
246 837 310 875 illa
337 846 403 876 tua
432 846 622 889 pegmata,
649 849 859 890 postquam
891 841 944 879 mi
979 842 1125 891 sillybis
1155 842 1274 881 libros
1306 841 1570 881 inlustrarunt.

248 905 354 942 Vale.
425 906 477 942 Et
510 904 655 943 scribas
685 908 736 945 ad
768 920 831 945 me
862 907 977 945 velim
1010 909 1060 946 de
1091 908 1382 958 gladiatoribus,
1419 909 1488 947 sed
1520 908 1573 947 ita

245 969 348 1007 bene
368 967 399 1006 si
419 982 500 1007 rem
521 978 660 1019 gerunt
675 985 686 1018 ,·
714 984 794 1009 non
815 985 972 1021 quaero,
997 974 1098 1011 male
1119 972 1149 1011 si
1171 987 1212 1011 se
1232 981 1444 1023 gesserunt.

286 1086 404 1122 VIII
415 1099 440 1122 a
644 1090 713 1123 Scr.
733 1094 897 1122 autumno
910 1092 995 1122 anni
1008 1093 1072 1132 693
1089 1092 1178 1134 (56).

657 1161 825 1193 CICERO
847 1162 1030 1194 ATTICO
1052 1162 1161 1195 SAL.

187 1248 222 1279 15
298 1235 458 1284 Apenas
478 1233 541 1271 vix
561 1233 801 1280 discesserat,
821 1248 911 1272 curn
933 1234 1109 1284 epistula.
1161 1233 1269 1284 Quid
1290 1234 1345 1273 ais
1362 1237 1378 1274 ?
1406 1244 1572 1286 putasne
1591 1248 1609 1275 1

243 1299 325 1337 fore
354 1306 397 1336 ut
429 1300 556 1348 legem
587 1312 669 1336 non
698 1300 823 1337 ferat?
882 1299 967 1345 Dic,
1000 1313 1069 1337 oro
1098 1307 1147 1346 te,
1177 1300 1341 1348 elarius,
1375 1301 1437 1339 vix
1467 1302 1572 1340 enim

242 1363 339 1401 mihi
360 1363 564 1401 exaudisse
579 1363 725 1401 videor.
783 1365 932 1401 Verum
953 1363 1083 1401 statim
1105 1365 1166 1402 fac
1185 1372 1227 1402 ut
1248 1364 1379 1412 sciam,
1399 1365 1429 1403 si
1451 1367 1572 1404 modo

242 1428 314 1467 tibi
352 1436 411 1467 est
448 1430 716 1467 commodum.
788 1428 912 1466 Ludis
951 1428 1112 1478 quidem
1152 1429 1339 1478 quoniam
1385 1430 1468 1468 dies
1514 1438 1572 1469 est

241 1494 410 1541 additus,
434 1508 482 1532 eo
503 1493 620 1533 etiam
648 1493 787 1532 melius
808 1494 872 1532 hie
899 1508 990 1532 eum
1017 1494 1123 1533 diem
1148 1508 1238 1532 eum
1268 1494 1460 1544 Dionysio
1481 1509 1572 1533 con-

184 1573 223 1595 20
242 1567 423 1598 teremus.

299 1627 360 1663 De
407 1624 610 1664 Trebonio
657 1638 814 1676 prorsus
863 1624 933 1663 tibi
980 1624 1189 1663 adsentior.
1279 1626 1341 1663 De
1390 1624 1569 1664 Domitio
1588 1636 1613 1664 2

507 1693 617 1744 σύκῳ,
649 1693 703 1741 μὰ
730 1692 797 1740 τὴν
827 1692 1019 1740 Δήμητρα,
1051 1694 1166 1729 σῦκον
1194 1690 1276 1729 οὐδὲ
1305 1691 1342 1729 ἓν

507 1759 619 1798 οὕτως
647 1757 776 1808 ὅμοιον
803 1757 963 1809 γέγονεν,

241 1834 360 1871 quam
394 1830 452 1860 est
481 1822 555 1861 ista
587 1823 804 1872 περίστασις
835 1829 990 1859 nostrae
1019 1822 1080 1859 vel
1115 1821 1223 1870 quod
1256 1820 1306 1858 ab
1340 1819 1478 1867 isdem,
1508 1822 1570 1859 vel

183 1901 222 1933 25
243 1889 350 1936 quod
371 1895 521 1938 praeter
537 1888 777 1938 opinionem,
794 1887 855 1926 vel
869 1887 978 1936 quod
994 1885 1063 1923 viri
1079 1885 1175 1924 boni
1196 1898 1418 1935 nusquam,
1445 1898 1568 1923 unum

240 1953 438 2000 dissimile,
463 1955 571 2003 quod
598 1953 690 1992 huic
717 1952 866 1991 merito.
927 1954 1031 1990 Nam
1052 1953 1102 1990 de
1130 1950 1216 2001 ipso
1243 1964 1335 1989 casu
1365 1951 1498 1989 neseio
1518 1965 1569 1989 an

283 2069 302 2097 4
327 2056 465 2088 Antium
483 2057 556 2089 add.
577 2055 752 2088 Lehmann
855 2058 876 2087 6
901 2056 956 2095 Εἴη
973 2068 1025 2095 μοι
1043 2054 1132 2086 οὗτος
1148 2054 1242 2095 φίλος
1253 2053 1335 2086 οἶκος
1353 2054 1543 2095 Peerlkamp
1562 2066 1569 2085 ε

241 2103 466 2132 ΕΙΜΗΙΕΗΤΩ
491 2100 614 2131 ΦΙΛΟό
640 2105 722 2132 KOC
746 2100 806 2131 M:
842 2099 888 2139 εἴη
913 2099 1046 2138 μισητὸς
1073 2098 1166 2139 φίλος
1193 2097 1275 2129 οἶκος
1301 2098 1444 2128 Rosius:
1479 2099 1504 2128 εἰ
1526 2098 1569 2136 μὴ

238 2145 363 2183 μισητῷ
382 2144 474 2180 φίλος
496 2143 578 2174 οἶκος
599 2144 742 2174 Thomas
848 2154 887 2174 10
911 2144 951 2172 mi
971 2143 1102 2182 sillybis
1120 2143 1209 2182 vulg.
1228 2143 1264 2181 cf.
1287 2152 1314 2180 5.
1336 2153 1355 2179 3
1374 2153 1381 2172 τ
1406 2142 1494 2171 misit
1507 2141 1568 2172 M:

238 2189 281 2218 sit
299 2188 357 2217 tibi
375 2188 462 2217 NP:
486 2188 529 2218 sit
549 2188 636 2218 tibae
651 2186 693 2216 ΖΖ
803 2198 813 2216 r
825 2198 837 2216 Ι
856 2187 940 2216 Vale
960 2186 1161 2216 Gronovius:
1188 2186 1284 2216 valde
1304 2185 1360 2214 M:
1384 2189 1457 2224 post
1471 2185 1567 2214 valde

239 2231 314 2262 add.
337 2231 435 2261 laudo
453 2230 642 2272 Lehmann,
663 2231 774 2270 lepide
799 2230 888 2261 Koch
981 2230 1037 2269 Et]
1055 2229 1105 2259 Tu
1131 2230 1328 2269 lVesenberg.
1351 2228 1409 2258 sed
1428 2229 1464 2266 cs.
1484 2227 1567 2257 Lelz-

240 2285 346 2304 mann
367 2278 374 2292 ⁴
387 2274 530 2313 Quae-st)
548 2275 590 2312 63
726 2285 763 2304 12
788 2274 815 2304 si
833 2284 869 2303 se
886 2278 1066 2312 gesserunt
1086 2272 1273 2312 Wesetzbmg
1288 2284 1293 2302 :
1321 2272 1368 2302 sie
1382 2272 1495 2309 egisse
1508 2272 1567 2301 M:

239 2318 266 2348 si
284 2328 320 2348 se
339 2328 478 2356 gessere
496 2317 688 2356 Malaspt'na
810 2327 846 2356 15
873 2317 1012 2354 Apenas
1029 2316 1113 2346 Ant.
1128 2316 1288 2356 Flvulg.
1312 2327 1319 2346 :
1344 2315 1489 2362 Ape-rias
1506 2314 1567 2345 M:

238 2361 378 2400 Apellas
395 2361 474 2393 coni.
498 2361 676 2399 szzcbus,
694 2360 818 2391 Mu‘ller
833 2360 883 2401 (cs.
902 2360 998 2391 Fam.
1018 2359 1076 2390 vii.
1092 2369 1142 2398 25.
1163 2360 1199 2401 2)
1338 2360 1377 2389 18
1402 2358 1459 2388 tibi
1477 2357 1567 2388 codd.

233 2408 363 2445 praeter
376 2409 404 2435 Δ
422 2415 430 2435 z
454 2415 520 2436 om.
539 2409 568 2435 Δ
