1817 2832
205 131 322 170 VIII.
341 132 403 169 xii
674 134 729 170 M.
762 134 931 171 TVLLI
962 133 1269 174 CICERONIS

299 244 382 294 ipse
412 258 477 283 eas
505 244 650 283 litteras
680 258 846 294 quarum
876 244 1197 284 vaticinationem
1226 247 1363 284 falsam
1391 260 1476 286 esse
1505 247 1633 298 cupio.

300 309 432 347 Huius
462 317 594 347 autem
622 309 812 359 epistulae
836 323 917 348 non
947 311 1075 348 solum
1103 324 1148 349 ea
1174 324 1293 349 causa
1319 319 1377 350 est
1404 320 1446 350 ut
1472 326 1522 351 ne
1549 312 1636 362 quis

298 387 322 411 a
352 387 414 411 me
444 373 528 412 dies
558 374 834 412 intermittatur
860 374 956 424 quin
983 376 1075 414 dem
1102 376 1154 414 ad
1183 383 1221 414 te
1247 375 1392 414 litteras
1422 367 1498 415 sed
1518 377 1636 416 etiam

300 440 397 477 haec
429 438 575 486 iustior,
609 447 650 477 ut
679 453 701 477 a
731 446 768 477 te
799 439 1046 489 impetrarem
1077 448 1119 479 ut
1153 454 1326 480 sumeres
1361 441 1511 491 aliquid
1542 449 1637 481 tem-

300 503 404 554 poris
426 506 560 553 †quod
581 504 651 543 tibi
680 512 718 542 et
743 504 860 554 quia†
880 505 1089 555 perexiguo
1117 519 1216 555 opus
1243 514 1312 553 est,
1336 506 1518 556 explicari
1539 506 1636 545 mihi
1657 517 1673 549 5

299 574 412 604 tuum
433 567 641 605 consilium
663 569 779 617 plane
800 569 900 614 volo,
925 576 966 606 ut
987 567 1142 618 penitus
1165 567 1399 618 intellegam.

255 644 279 671 2
355 632 499 671 Omnia
521 640 612 671 sunt
633 633 781 683 integra
802 633 944 681 nobis3
975 633 1071 671 nihil
1098 634 1417 684 praetermissum
1444 642 1502 673 est
1527 635 1636 684 quod

299 710 380 736 non
401 698 544 736 habeat
565 697 782 748 sapientem
804 698 1108 745 excusationem,
1132 712 1212 737 non
1234 700 1355 737 modo
1376 699 1633 749 probabilem.

300 764 405 800 Nam
426 770 530 801 certe
551 777 680 813 neque
701 771 784 801 tum
806 763 965 813 peccavi
985 777 1076 802 cum
1104 764 1335 814 imperatam
1355 764 1433 802 iam
1456 766 1634 814 Capuam

300 842 381 866 non
409 830 536 866 solum
567 828 742 878 ignaviae
772 828 960 867 delictum
990 830 1060 867 sed
1088 829 1206 868 etiam
1236 829 1423 880 perfidiae
1450 829 1635 879 suspicio·
1660 847 1696 868 10

301 906 393 930 nem
424 892 576 942 fugiens
609 893 787 944 accipere
821 894 940 941 nolui,
973 908 1102 944 neque
1133 908 1223 933 cum
1259 902 1348 945 post
1379 894 1635 933 condiciones

300 957 408 1008 pacis
446 971 515 1008 per
554 960 596 997 L.
638 960 847 998 Caesarem
887 967 925 997 et
962 961 1007 997 L.
1044 960 1237 998 Fabatum
1275 961 1424 998 adlatas
1463 959 1548 998 cavi
1586 973 1636 998 ne

301 1022 477 1060 animum
499 1022 581 1061 eius
602 1025 844 1062 offenderem
872 1023 934 1062 cui
958 1024 1169 1074 Pompeius
1191 1024 1268 1062 iam
1294 1032 1466 1063 armatus
1485 1032 1636 1062 armato

259 1089 550 1136 3consulatum
589 1088 912 1139 triumphumque
950 1090 1126 1128 deferret.
1186 1091 1273 1128 Nec
1311 1104 1402 1128 vero
1441 1091 1539 1128 haec
1577 1103 1638 1128 ex-

301 1160 425 1191 trema
454 1153 663 1203 quisquam
694 1161 822 1203 potest
854 1153 936 1192 iure
966 1155 1251 1204 reprehendere
1281 1156 1389 1205 quod
1420 1169 1525 1193 mare
1555 1168 1636 1193 non
1661 1171 1695 1201 15

300 1218 528 1257 transierim.
590 1220 638 1257 Id
668 1219 787 1266 enim,
817 1219 889 1258 etsi
918 1227 999 1258 erat
1028 1220 1334 1268 deliberationis,
1363 1228 1496 1259 tamen
1528 1220 1637 1259 obire

299 1297 378 1321 non
410 1284 531 1334 potui.
592 1285 734 1334 Neque
764 1284 869 1323 enim
900 1285 1087 1335 suspicari
1120 1285 1251 1333 debui,
1284 1286 1510 1336 praesertim
1545 1299 1637 1324 cum

299 1362 348 1387 ex
376 1348 496 1399 ipsius
529 1348 694 1399 Pompei
723 1349 868 1396 litteris,
893 1349 998 1388 idem
1029 1351 1137 1399 quod
1167 1350 1284 1389 video
1313 1358 1350 1389 te
1380 1351 1633 1399 existimasse,

299 1427 380 1452 non
401 1414 613 1453 dubitarim
641 1414 736 1464 quin
764 1414 794 1452 is
824 1415 1003 1454 Domitio
1033 1416 1295 1455 subventurus
1322 1424 1434 1463 esset,
1459 1424 1496 1454 et
1520 1418 1636 1466 plane

300 1479 397 1529 quid
423 1487 573 1518 rectum
601 1487 639 1519 et
669 1479 764 1530 quid
794 1479 1019 1521 faciendum
1048 1480 1144 1521 mihi
1172 1489 1273 1521 esset
1298 1481 1444 1520 diutius
1466 1481 1635 1532 cogitare
1657 1499 1695 1520 20

301 1544 431 1583 malui.

255 1621 282 1658 4
357 1610 531 1649 Primum
553 1611 676 1660 igitur,
700 1612 797 1650 haec
818 1612 948 1661 qualia
978 1613 1048 1651 tibi
1073 1627 1158 1652 esse
1182 1613 1397 1660 videantur,
1421 1612 1492 1651 etsi
1522 1612 1636 1663 signi-

300 1675 415 1713 ficata
446 1683 535 1713 sunt
566 1689 588 1714 a
623 1684 671 1722 te,
706 1683 837 1714 tamen
868 1677 1087 1715 accuratius
1119 1678 1214 1715 mihi
1250 1677 1464 1727 perscribas
1503 1677 1634 1725 velim,

299 1740 445 1780 deinde
465 1741 613 1790 aliquid
635 1741 751 1779 etiam
774 1741 812 1779 in
834 1749 1033 1791 posterum
1056 1742 1268 1793 prospicias
1291 1744 1493 1792 fingasque
1514 1756 1633 1792 quern

299 1819 363 1844 me
392 1819 477 1844 esse
503 1807 642 1844 deceat
668 1814 706 1844 et
736 1806 803 1844 ubi
835 1821 897 1845 me
924 1807 1136 1857 plurimum
1164 1809 1351 1857 prodesse
1376 1807 1429 1846 rei
1451 1807 1633 1857 publicae
1655 1822 1691 1854 25

298 1870 453 1918 sentias,
477 1884 625 1921 ecquae
650 1871 813 1922 pacifica
837 1885 1005 1922 persona
1034 1872 1277 1911 desideretur
1302 1886 1352 1911 an
1377 1872 1417 1910 in
1444 1873 1633 1911 bellatore

298 1935 374 1974 sint
404 1935 546 1973 omnia.

256 2006 280 2045 5
352 2002 484 2050 Atque
511 2014 583 2051 ego
611 2001 678 2051 qui
706 2001 840 2040 omnia
866 2001 996 2039 officio
1025 2001 1164 2040 metior
1193 2003 1376 2040 recordor
1402 2008 1535 2040 tamen
1565 2009 1632 2040 tua

341 2110 360 2139 5
385 2100 473 2138 quod
487 2100 545 2130 tibi
565 2104 598 2130 et
615 2101 693 2139 quia
712 2100 786 2132 M¹2
812 2111 878 2139 quo
894 2100 971 2138 quia
990 2100 1047 2130 tibi
1070 2099 1124 2128 Μ2
1137 2100 1304 2139 (marg.):
1328 2111 1395 2139 quo
1412 2101 1473 2131 tibi
1492 2102 1629 2140 quidem

297 2143 436 2183 Madzng
524 2155 610 2183 opus
624 2144 727 2183 vulga
752 2148 905 2182 tempore
923 2154 1008 2184 opus
1027 2143 1085 2172 Ml
1172 2143 1268 2183 mihi]
1287 2145 1377 2174 enim
1395 2145 1474 2174 mihi
1492 2144 1632 2185 Madmg

296 2198 317 2226 9
342 2188 538 2226 imperatam
565 2189 627 2217 iam
656 2188 770 2217 M¹CZ
790 2187 985 2217 Lvlmmun:
1021 2187 1218 2225 imparatam
1238 2188 1300 2217 iam
1319 2187 1391 2217 M²z
1429 2189 1627 2227 imparatam

295 2231 317 2260 I
331 2231 418 2270 vulg.
531 2243 569 2262 10
594 2232 753 2262 delictum
774 2230 941 2261 Corradus
957 2231 1058 2260 Boot:
1086 2231 1238 2261 deiectus
1256 2230 1331 2260 M¹z
1359 2231 1528 2261 delectum
1551 2231 1627 2261 M-':

296 2274 451 2305 delectus
461 2275 559 2305 Rom.
570 2274 772 2313 [Vesenhetg:
792 2274 938 2304 dedecus
949 2273 1048 2303 Ort-lli
1119 2284 1156 2304 12
1167 2275 1308 2305 alterum
1321 2274 1426 2304 Ladd.
1440 2275 1466 2303 ll
1475 2275 1630 2315 'esenbetjg

300 2319 339 2348 16
363 2319 637 2358 deliberationis]
661 2318 913 2348 deliberationis
940 2328 994 2348 res
1014 2317 1138 2356 Kalmt,
1163 2317 1220 2347 sed
1235 2318 1271 2353 cf.
1293 2329 1324 2348 x.
1345 2328 1371 2349 1.
1389 2328 1409 2356 3
1425 2319 1503 2356 fin„
1523 2319 1621 2348 Fam.

298 2362 339 2392 iv.
360 2364 390 2392 6.
409 2373 440 2401 3,
459 2363 501 2393 ix.
522 2363 552 2393 6.
571 2373 610 2392 2:
649 2361 870 2391 deliberatius
887 2360 938 2391 Fr.
959 2358 1111 2391 Sclmtt'dl
1129 2361 1195 2391 coll.
1214 2361 1311 2391 Fam.
1329 2372 1358 2393 v.
1378 2372 1406 2392 2.
1426 2362 1467 2392 8:
1502 2362 1624 2392 delibe-

298 2411 390 2437 ratae
408 2406 547 2436 rationis
568 2405 702 2447 Madvig
802 2414 843 2445 25
869 2405 1033 2446 prodesse
1052 2414 1152 2445 posse
1170 2405 1217 2435 rei
1236 2415 1266 2445 p.
1284 2404 1370 2437 Reid
1383 2405 1450 2436 coll.
1469 2415 1506 2436 12
1520 2415 1549 2437 Β.
1565 2415 1578 2436 1
