1817 2832
150 109 244 146 VII.
263 107 325 144 vii
646 105 702 142 M.
735 104 904 141 TVLLI
935 103 1242 143 CICERONIS

236 402 251 427 1

314 213 407 248 VII
454 215 521 247 Sc».
542 214 575 245 in
594 213 774 245 formiano
792 213 875 244 inter
887 213 950 244 xiii
962 216 991 244 et
1005 224 1029 244 x
1044 213 1089 245 K.
1106 213 1181 245 Ian.
1199 224 1230 246 a.
1249 223 1310 255 704
1331 213 1414 257 (50).

688 301 865 333 CICERO
890 301 1063 333 ATTICO
1089 301 1186 333 SAL.

329 391 579 441 ‘Dionysius‚
603 390 659 429 vir
688 390 873 441 optimus,
901 398 943 428 ut
968 390 1065 428 mihi
1092 404 1252 441 quoque
1279 399 1337 430 est
1363 400 1602 443 perspectus,

272 466 309 495 et
339 457 591 496 doctissimus
622 456 758 506 tuique
787 455 1090 502 amantissimus,
1124 458 1296 495 Romam
1317 457 1423 496 venit
1450 470 1505 495 xv
1528 461 1606 496 Ka—

271 524 373 561 lend.
400 524 483 560 Ian.
512 530 550 560 et
580 521 726 560 litteras
755 535 778 560 a
807 529 845 559 te
876 521 971 558 mihi
1001 521 1197 560 reddidit)
1254 524 1333 560 Tot
1360 523 1465 561 enim
1487 524 1605 561 verba
1627 537 1644 569 5

270 595 360 625 sunt
376 589 426 626 de
442 587 635 637 Dionysio
656 586 696 624 in
717 586 884 637 epistula
901 594 977 633 tua,
994 586 1090 625 illud
1107 591 1292 637 †putato†
1306 601 1387 625 non
1403 587 1604 635 adscribis,

273 656 335 691 ‘et
367 652 438 691 tibi
469 652 609 702 gratias
642 651 744 702 egit)
801 651 926 702 Atqui
955 659 1060 690 certe
1089 652 1153 691 ille
1182 666 1296 702 agere
1326 653 1463 692 debuit
1493 661 1541 701 et,
1574 653 1605 691 si

270 726 372 756 esset
402 720 560 765 factum,
588 731 689 767 quae
720 725 786 755 tua
816 724 873 755 est
901 717 1134 764 humanitas,
1158 718 1441 768 adscripsisses.
1503 718 1605 756 Mihi

270 791 402 820 autem
428 784 535 820 nulla
564 784 614 821 de
644 796 692 821 eo
721 782 927 833 παλινῳδία
956 783 1071 820 datur
1099 789 1257 832 propter
1289 782 1497 833 superioris
1529 783 1605 833 epi-

271 849 396 886 stulae
419 847 702 886 testimonium.
764 847 821 886 Sit
843 846 957 897 igitur
986 860 1080 885 sane
1102 848 1229 885 bonus
1250 847 1315 885 vir.
1379 849 1471 886 Hoc
1498 847 1604 886 enim
1629 864 1667 886 10

269 912 398 962 ipsum
429 913 530 950 bene
560 911 652 950 fecit
682 913 791 961 quod
820 911 917 949 mihi
944 911 1003 949 sui
1023 911 1290 961 cognoscendi
1310 912 1467 962 penitus
1487 912 1605 951 etiam

214 977 384 1015 '2istam
419 978 645 1015 facultatem
677 976 797 1015 dedit.
859 976 1094 1026 Philogenes
1126 984 1230 1015 recte
1263 978 1314 1015 ad
1353 985 1391 1015 te
1430 977 1607 1027 scripsit3

226 1124 250 1161 3

271 1042 418 1080 curavit
448 1042 554 1080 enim
585 1043 693 1093 quod
723 1041 871 1081 debuit.
933 1044 1037 1080 Eum
1064 1056 1136 1092 ego
1158 1042 1213 1080 uti
1241 1056 1287 1081 ea
1313 1043 1481 1093 pecunia
1500 1043 1606 1082 volui

271 1109 403 1157 quoad
429 1107 589 1155 liceret3
620 1107 752 1157 itaque
782 1121 875 1145 usus
906 1115 964 1145 est
994 1121 1150 1145 menses
1180 1120 1287 1145 X1111.
1349 1108 1604 1158 Pomptinum

268 1173 386 1222 cupio
407 1174 534 1211 valere
555 1180 603 1219 et,
628 1173 737 1222 quod
759 1172 895 1210 scribis
917 1172 957 1210 in
979 1173 1116 1211 urbem
1140 1172 1332 1219 introisse,
1355 1187 1489 1211 vereor
1509 1173 1605 1222 quid
1629 1188 1664 1218 15

269 1237 341 1284 sit;
371 1251 463 1275 nam
481 1237 520 1275 id
542 1237 616 1275 nisi
637 1237 741 1287 gravi
763 1238 813 1275 de
834 1251 953 1275 causa
982 1251 1063 1275 non
1084 1237 1249 1276 fecieset.
1310 1240 1396 1288 Ego
1417 1238 1604 1287 quoniam

270 1315 332 1340 1111
356 1304 460 1340 Non.
486 1304 568 1340 Ian.
593 1302 881 1352 compitalicius
903 1302 986 1340 dies
1008 1310 1077 1349 est,
1094 1304 1187 1341 nolo
1201 1316 1249 1341 eo
1265 1302 1330 1341 die
1351 1303 1390 1340 in
1404 1304 1605 1340 Albanum

269 1367 411 1413 venire,
435 1381 479 1404 ne
509 1369 697 1405 molestus
722 1367 892 1405 familiae
917 1367 1083 1405 veniam.
1145 1380 1191 1405 111
1221 1369 1325 1405 Non.
1356 1369 1439 1406 Ian.
1465 1367 1605 1417 igitur3

268 1432 361 1470 inde
392 1434 442 1470 ad
477 1433 615 1471 urbem
650 1432 776 1482 pridie
811 1434 960 1471 Nonas.
1023 1435 1111 1471 Tua
1143 1435 1257 1483 λῆψις
1282 1446 1400 1482 quern
1429 1433 1467 1470 in
1498 1433 1603 1472 diem

270 1497 437 1535 incurrat
458 1497 603 1543 nescio,
627 1499 696 1536 sed
717 1511 875 1548 prorsus
903 1505 940 1536 te
967 1498 1208 1536 commoveri
1228 1497 1486 1537 incommodo
1505 1500 1604 1537 vale·
1623 1514 1665 1535 20

270 1563 415 1601 tudinis
437 1572 525 1602 tuae
546 1565 650 1602 nolo.

224 1647 250 1682 4
325 1630 386 1666 De
416 1629 566 1666 honore
596 1636 731 1665 nostro
761 1628 834 1665 nisi
865 1628 961 1678 quid
989 1630 1143 1667 occulte
1165 1630 1310 1668 Caesar
1334 1643 1402 1678 per
1432 1643 1522 1667 suos
1543 1629 1604 1667 tri·

269 1693 397 1731 bunos
428 1693 587 1731 molitus
621 1693 702 1739 erit,
738 1701 867 1731 cetera
900 1693 1082 1732 videntur
1119 1708 1204 1733 esse
1243 1695 1476 1744 tranquilla:
1506 1703 1605 1733 tran-

269 1757 522 1807 quillissimus
542 1766 674 1795 autern
696 1758 850 1796 animus
873 1772 982 1796 meus
1005 1758 1071 1808 qui
1093 1767 1218 1797 totum
1241 1760 1339 1798 istuc
1367 1760 1481 1810 aequi
1507 1760 1601 1798 boni

269 1824 359 1860 facit
381 1829 418 1860 et
440 1836 487 1860 eo
509 1822 632 1871 magis
655 1824 763 1872 quod
790 1822 866 1860 iam
888 1837 910 1860 a
931 1823 1063 1860 multis
1090 1824 1209 1862 audio
1236 1825 1493 1862 constitutum
1515 1839 1600 1864 esse
1623 1839 1661 1871 25

271 1888 462 1937 Pompeio
483 1895 520 1925 et
541 1887 624 1925 eius
645 1887 810 1925 consilio
831 1887 870 1924 in
892 1887 1063 1925 Siciliam
1086 1902 1148 1926 me
1173 1889 1326 1927 mittere
1354 1891 1461 1939 quod
1483 1889 1602 1939 inipe-

269 1952 367 1990 rium
407 1953 586 1991 habeam.
650 1954 697 1990 Id
736 1961 793 1991 est
831 1951 1104 2003 Ἀβδηριτικόιι.
1176 1956 1262 1992 Nec
1300 1954 1405 1992 enim
1445 1962 1602 1992 senatus

269 2017 440 2056 decrevit
470 2032 543 2056 nec
573 2019 743 2067 populus
775 2017 883 2055 iussit
912 2032 975 2056 me
996 2018 1202 2068 imperium
1226 2019 1264 2056 in
1288 2019 1417 2057 Sicilia
1443 2020 1597 2058 habere.

269 2083 335 2121 Sin
369 2084 445 2120 hoc
476 2096 536 2120 res
569 2082 727 2132 publica
761 2083 811 2119 ad
846 2082 1079 2132 Pompeium
1115 2085 1239 2129 refert,
1275 2083 1342 2133 qui
1376 2097 1438 2121 me
1478 2084 1600 2134 magis

311 2189 331 2217 6
356 2187 435 2217 illud
463 2191 543 2226 puto
571 2191 606 2216 tu
634 2185 811 2216 Graevius-z
848 2186 926 2215 illud
946 2191 1025 2225 puta
1052 2191 1085 2216 tu
1116 2186 1282 2217 anelmll
1303 2187 1367 2218 coll.
1388 2187 1477 2218 Pers.
1497 2188 1536 2218 iv.
1557 2199 1600 2226 9:

268 2231 348 2262 illud
366 2235 517 2270 optatum
536 2230 619 2259 Boos
635 2242 641 2260 :
668 2230 748 2259 illud
767 2230 986 2268 perusitatum
1006 2230 1136 2260 Bo'clesl:
1162 2231 1240 2262 illud
1256 2231 1408 2270 profecto
1426 2232 1498 2260 vul!
1516 2232 1599 2261 Gur-

267 2276 333 2306 litt:
351 2275 432 2313 sart.
452 2279 484 2304 at
503 2274 584 2304 illud
603 2277 683 2312 puto
701 2273 750 2303 vd
766 2273 844 2302 illud
864 2283 923 2311 pro
942 2274 1063 2304 usitato
1167 2275 1204 2305 18
1229 2275 1347 2304 venire
1365 2274 1423 2305 dcl.
1445 2275 1604 2305 Bra-helm-

270 2330 311 2349 ne
338 2318 414 2348 add.
433 2316 500 2348 Zl’:
533 2328 599 2347 0111.
629 2316 715 2347 «odd.
804 2320 878 2356 post
902 2317 1066 2347 molestus
1091 2316 1166 2348 add.
1197 2319 1258 2349 sim
1285 2313 1329 2348 Zb
1430 2317 1597 2350 familiae:

269 2363 401 2392 veniam
424 2361 612 2402 Wesenhezg
701 2360 770 2391 Ian.
797 2360 864 2391 secl.
886 2360 972 2391 Crat.
1110 2371 1151 2401 29
1176 2362 1286 2393 desert
1308 2362 1429 2395 Iunius
