1790 2837
430 588 499 636 M.
550 587 764 636 TVLLI
821 587 1221 636 CICERONIS

298 721 816 770 EPISTVLARVM
865 723 969 770 AD
1019 720 1355 770 ATTICVM

538 841 731 888 LIBRI
785 839 1115 888 SEDECIM

611 1041 783 1078 LIBER
813 1041 1023 1080 PRIMVS

201 1157 227 1193 I
505 1159 574 1192 Ser.
596 1160 723 1192 Romae
740 1171 783 1192 m.
806 1160 919 1200 Quint.
941 1171 970 1192 a.
993 1161 1055 1200 689
1076 1159 1156 1201 (65).

566 1250 740 1281 CICERO
773 1250 941 1282 ATTICO
975 1250 1071 1282 SAL.

218 1337 460 1374 PET1T10NIS
489 1343 655 1384 nostrae,
681 1350 799 1386 quam
830 1336 900 1375 tibi
930 1350 1106 1375 summae
1136 1350 1250 1375 curae
1280 1350 1365 1375 esse
1392 1337 1485 1386 scio,
1505 1347 1524 1376 1

161 1400 277 1439 huius
298 1399 407 1439 modi
423 1399 521 1438 ratio
542 1407 599 1438 est
621 1401 729 1450 quod
744 1401 875 1438 adhuc
891 1399 1116 1438 coniectura
1136 1400 1330 1449 provideri
1352 1402 1484 1450 possit.

125 1480 142 1511 5
163 1466 325 1503 Prensat
345 1478 446 1503 unus
469 1466 509 1502 P.
534 1465 672 1502 Galba,
732 1464 824 1502 Sine
852 1465 943 1502 fuco
972 1478 1018 1502 ac
1048 1464 1208 1502 fallaciis
1237 1478 1344 1503 more
1371 1466 1489 1505 maio-

160 1543 246 1567 rum
276 1537 448 1579 negatur.
508 1530 562 1567 Vt
591 1528 727 1578 opinio
756 1536 814 1567 est
843 1528 1064 1577 hominum,
1086 1542 1166 1567 non
1196 1529 1322 1567 aliena
1349 1530 1488 1569 rationi

160 1602 315 1633 nostrae
335 1594 407 1632 fuit
428 1593 529 1632 illius
550 1595 648 1632 haec
675 1607 935 1643 praepropera
955 1593 1163 1642 prensatio.
1224 1595 1328 1632 Nam
1356 1594 1408 1632 illi
1437 1595 1488 1634 ita

159 1667 303 1709 negant
323 1661 439 1710 vulgo
460 1667 502 1697 ut
523 1658 620 1696 mihi
642 1672 683 1697 se
704 1659 849 1697 debere
876 1658 1019 1696 dicant.
1082 1660 1143 1697 Ita
1163 1658 1353 1708 quiddam
1375 1674 1488 1710 spero

159 1724 274 1762 nobis
318 1723 468 1774 profici,
507 1737 597 1762 cum
645 1725 722 1762 hoe
771 1723 1063 1774 percrebrescit,
1102 1723 1290 1773 plurimos
1335 1733 1487 1763 nostros

101 1803 141 1826 10
158 1789 306 1827 amieos
356 1788 530 1827 inveniri.
609 1790 695 1827 Nos
735 1796 867 1827 autem
907 1788 1062 1826 initium
1106 1789 1318 1838 prensandi
1362 1791 1488 1828 facere

158 1853 417 1902 cogitaramus
445 1867 493 1892 eo
524 1853 611 1904 ipso
642 1862 819 1904 ternpore
854 1867 934 1904 quo
967 1861 1078 1892 tuum
1111 1867 1276 1903 puerum
1308 1868 1398 1892 cum
1429 1855 1488 1894 his

157 1917 292 1957 litteris
332 1918 526 1970 proficisci
560 1919 721 1959 Cincius
761 1919 932 1968 dicebat,
965 1919 1004 1957 in
1045 1932 1187 1968 campo
1226 1919 1394 1957 comitiis
1429 1919 1488 1957 tri-

157 1983 325 2022 buniciis
345 1997 377 2021 a.
398 1985 434 2022 d.
458 1995 529 2021 XVI
555 1985 724 2023 Kalend.
749 1985 911 2023 Sextilis
974 1984 1279 2034 Compefflores,
1300 1984 1366 2034 qui
1393 1984 1487 2022 certi

157 2051 242 2086 esse
268 2048 486 2096 videantur,
508 2049 636 2087 Galba
657 2056 694 2087 et
721 2049 919 2088 Antonius
942 2057 980 2088 et
1006 2051 1054 2099 Q.
1079 2049 1324 2089 Cornificius.
1385 2051 1486 2087 Puto

99 2126 136 2159 15
158 2119 195 2150 te
229 2112 268 2149 in
303 2113 379 2150 hoc
413 2120 487 2151 aut,
511 2113 638 2152 risisse
673 2121 740 2152 aut
771 2114 1017 2164 ingemuisse.
1079 2117 1133 2152 Vt
1162 2116 1329 2152 frontem
1361 2114 1485 2161 ferias,

157 2185 248 2215 sunt
277 2177 344 2227 qui
373 2177 490 2215 etiam
513 2179 751 2218 Caesonium
776 2187 923 2229 putent.
985 2179 1189 2230 Aquilium
1220 2193 1300 2217 non
1329 2179 1483 2217 arbitra-

157 2242 309 2289 bamur,
343 2241 410 2291 qui
444 2243 652 2293 denegavit
687 2250 725 2282 et
763 2243 900 2282 iuravit
933 2245 1115 2283 morbum
1156 2251 1194 2283 et
1232 2243 1328 2282 illud
1367 2257 1482 2281 suum

203 2354 238 2374 11
265 2343 491 2383 cogitabamus
513 2344 703 2385 lVesenberg
843 2347 882 2376 16
905 2346 1107 2377 arbitramur
1124 2349 1194 2377 vett.
1320 2356 1356 2384 17
1382 2346 1481 2376 dene-

156 2388 249 2426 gavit
271 2388 419 2418 Ernesti:
450 2388 621 2426 denegant
646 2389 706 2419 M:
731 2392 764 2420 et
789 2391 924 2428 negavit
947 2384 1013 2422 Zb:
1050 2391 1222 2429 denegant
1250 2393 1283 2421 et
1307 2389 1426 2420 dolend.
1447 2393 1485 2419 ut

153 2431 319 2471 glossema
335 2432 413 2461 com'.
434 2430 520 2461 Reid

199 2484 261 2505 c1c.
281 2484 329 2504 AD
345 2484 417 2505 ATT.
1378 2476 1392 2506 1
