1790 2837
84 135 136 171 II.
156 130 243 171 xix⁷
548 133 605 170 M.
637 130 806 170 TVLLI
837 130 1144 170 CICERONIS

180 241 323 282 Edicta
353 241 487 281 Bibuli
517 241 638 281 audio
666 242 719 281 ad
748 248 786 280 te
817 240 945 279 missa.
1006 240 1061 279 Iis
1089 241 1200 279 ardet
1228 241 1365 280 dolore
1391 248 1430 280 et
1458 239 1514 280 ira

179 315 312 348 noster
332 306 558 358 Pompeius.

222 425 308 460 XX
525 426 594 459 Scr.
617 427 746 458 Romae
762 437 807 458 m.
830 425 943 467 Quint.
962 435 991 458 a.
1011 426 1070 466 695
1088 425 1171 468 (19).

598 515 775 547 CICERO
799 514 973 546 ATTICO
999 514 1097 547 SAL.

142 617 160 645 1
233 604 416 652 Anicato,
438 610 482 643 ut
506 610 544 643 te
569 604 669 643 velle
698 603 975 650 intellexeram,
999 604 1109 642 nullo
1134 604 1224 642 loco
1254 601 1371 642 defui.
1431 603 1513 641 Nu·
1533 613 1549 645 5

179 670 364 710 mestium
394 683 441 708 ex
469 668 607 708 litteris
636 668 712 707 tuis
743 668 919 707 studiose
945 668 1098 718 scriptis
1122 668 1289 707 libenter
1315 667 1357 706 in
1382 667 1513 706 amici-

178 735 274 774 tiam
287 734 427 784 recepi.
471 733 690 774 Caecilium
703 733 847 784 quibus
863 734 980 772 rebus
993 746 1155 783 possum
1169 740 1281 772 tueor
1293 732 1508 784 diligenter.

178 802 304 838 Varro
320 800 412 838 satis
434 799 526 837 facit
542 798 669 837 nobis.
730 797 943 849 Pompeius
959 805 1065 836 amat
1081 811 1153 836 nos
1170 811 1361 848 carosque
1378 798 1507 836 habet.

182 865 402 905 ‘Credis?'
432 863 597 914 inquies.
669 864 801 903 Credo
816 877 826 911 ,·
855 876 1011 913 prorsus
1041 862 1138 901 mihi
1167 864 1376 913 persuadet
1392 877 1403 911 3
1441 863 1511 901 sed

180 930 274 981 quia
292 931 409 980 volgo
429 928 659 980 pragmatici
679 928 861 967 homines
878 928 1064 967 omnibus
1081 928 1261 975 historiis,
1281 927 1509 978 praeceptis,
1533 941 1573 964 10

179 994 355 1034 versibus
382 994 556 1044 denique
586 1007 722 1032 cavere
753 993 890 1032 iubent
924 1000 963 1031 et
993 1000 1126 1031 vetant
1150 994 1319 1040 credere,
1345 994 1512 1031 alterum

178 1059 281 1099 facio
302 1067 343 1098 ut
364 1073 536 1106 caveam,
559 1061 725 1098 alterum
747 1066 789 1097 ut
810 1072 891 1097 non
912 1059 1070 1096 credam
1087 1059 1213 1096 facere
1235 1072 1315 1096 non
1336 1071 1509 1108 possum.

135 1135 160 1162 2
181 1124 346 1164 Clodius
372 1126 505 1163 adhuc
532 1123 628 1161 mihi
653 1123 860 1162 denuntiat
880 1123 1107 1173 periculum.
1168 1122 1381 1173 Pompeius
1401 1123 1513 1161 adfir-

180 1196 260 1227 mat
281 1203 362 1228 non
383 1203 468 1228 esse
494 1189 723 1239 periculum,
747 1188 899 1227 adiurat
914 1202 925 1235 3
953 1188 1064 1226 addit
1085 1187 1204 1226 etiam
1225 1201 1266 1225 se
1287 1187 1392 1237 prius
1413 1187 1512 1226 occi-

179 1268 268 1293 sum
288 1254 332 1292 iri
353 1255 403 1293 ab
425 1268 473 1292 eo
493 1267 613 1304 quam
634 1267 698 1291 me
718 1253 906 1292 violatum
927 1252 982 1290 iri.
1040 1254 1247 1290 Tractatur
1266 1266 1336 1290 res.
1387 1252 1511 1290 Simul
1534 1266 1571 1298 15

179 1326 217 1358 et
238 1319 333 1370 quid
355 1318 425 1357 erit
445 1318 550 1365 certi,
570 1318 738 1357 scribam
759 1319 810 1356 ad
830 1326 878 1357 te.
940 1317 979 1356 Si
1001 1317 1071 1355 erit
1092 1318 1360 1367 pugnandum,
1390 1331 1512 1355 arces-

178 1398 262 1423 sam
286 1385 337 1422 ad
364 1383 593 1422 societatem
622 1382 766 1422 laboris
781 1397 791 1431 3
825 1382 857 1421 si
884 1381 995 1433 quies
1025 1382 1192 1430 dabitur,
1221 1382 1272 1420 ab
1301 1383 1513 1421 Amalthea

178 1456 217 1489 te
238 1463 319 1488 non
340 1449 614 1488 commovebo.

134 1524 159 1561 3
235 1516 297 1553 De
327 1528 366 1553 re
382 1516 538 1564 publica
565 1513 733 1553 breviter
758 1515 809 1553 ad
841 1521 880 1553 te
912 1514 1079 1553 scribam
1095 1528 1105 1563 3
1134 1513 1212 1553 iam
1243 1513 1347 1552 enim
1378 1514 1512 1552 charta

177 1579 263 1630 ipsa
292 1593 342 1618 ne
376 1593 449 1618 nos
480 1580 621 1629 prodat
649 1579 895 1629 pertimesco.
957 1581 1098 1630 Itaque
1127 1580 1303 1630 posthac,
1336 1578 1368 1617 si
1397 1586 1511 1617 erunt
1531 1594 1571 1616 20

178 1644 275 1683 mihi
305 1646 416 1695 plura
446 1645 497 1682 ad
518 1651 556 1682 te
577 1644 795 1691 scribenda,
829 1647 1072 1698 ἀλληγορίαις
1098 1644 1331 1683 obscurabo.
1392 1645 1511 1683 Nunc

178 1709 340 1760 quidem
357 1722 461 1748 novo
482 1710 657 1759 quodam
679 1710 819 1748 morbo
841 1710 976 1749 civitas
998 1710 1170 1757 moritur,
1194 1717 1246 1756 ut,
1264 1723 1355 1747 cum
1372 1722 1510 1747 omnes

176 1788 223 1814 ea
257 1788 357 1825 quae
381 1782 473 1813 sunt
498 1781 586 1813 acta
620 1774 854 1825 improbent,
891 1783 1112 1826 querantur,
1143 1776 1314 1821 doleant,
1346 1774 1510 1812 varietas

176 1841 284 1878 nulla
312 1839 352 1877 in
383 1853 424 1878 re
458 1839 519 1887 sit,
548 1848 761 1891 aperteque
791 1842 1003 1891 loquantur
1032 1848 1070 1879 et
1099 1840 1176 1878 iam
1208 1841 1309 1878 clare
1337 1846 1507 1889 gemant,

176 1912 310 1943 tamen
340 1904 538 1944 medicina
564 1907 672 1943 nulla
696 1907 902 1945 adferatur.
963 1908 1106 1956 Neque
1135 1905 1241 1944 enim
1271 1904 1395 1943 resisti
1425 1904 1509 1942 sine
1530 1918 1569 1951 25

176 1969 446 2009 internecione
466 1984 582 2021 posse
604 1971 837 2010 arbitramur
852 1985 925 2010 nec
941 1971 1121 2010 videmus
1142 1970 1210 2021 qui
1231 1970 1319 2008 finis
1340 1968 1509 2008 cedendi

131 2045 157 2081 4
176 2042 329 2084 praeter
349 2034 510 2073 exitium
532 2037 684 2074 futurus
714 2036 773 2075 sit.
834 2036 999 2075 Bibulus
1021 2035 1228 2074 hominum
1248 2034 1509 2073 admiratione
1771 2043 1775 2130 1

176 2107 215 2138 et
244 2100 522 2139 benevolentia
548 2101 588 2139 in
616 2102 726 2140 caelo
754 2108 837 2149 est;
867 2101 996 2140 edicta
1026 2101 1108 2140 eius
1138 2108 1176 2140 et
1206 2100 1412 2140 contiones
1445 2101 1509 2138 de-
1770 2133 1775 2161 5

176 2164 352 2204 scribunt
391 2173 429 2204 et
467 2168 611 2216 legunt.
671 2168 789 2205 Novo
832 2168 1006 2216 quodam
1050 2180 1193 2216 genere
1231 2166 1271 2204 in
1311 2178 1505 2203 summam
1780 2159 1783 2270 1

1770 2230 1773 2249 l

221 2279 238 2307 7
264 2279 401 2308 possum
420 2269 460 2299 I:
485 2280 602 2308 parum
622 2268 673 2302 M1
690 2281 696 2302 :
723 2280 784 2309 par
800 2275 852 2300 est
870 2269 923 2299 M2
1059 2280 1098 2300 10
1122 2270 1220 2309 volgo
1237 2268 1410 2299 Bt't'clzcler:
1428 2267 1505 2298 volo

178 2311 238 2341 M:
266 2318 300 2342 ut
318 2312 415 2342 video
434 2312 532 2343 Rom.
553 2323 560 2342 :
586 2323 605 2343 a
622 2313 699 2344 dolo
717 2313 794 2344 coni.
819 2312 922 2343 Orelli
1054 2323 1091 2352 15
1117 2313 1226 2345 Simul
1255 2318 1287 2343 et
1309 2312 1389 2351 quid
1414 2311 1501 2342 codd.
1770 2318 1774 2351 ς

176 2355 264 2430 Ξζῇἕ.
285 2355 321 2396 ‘s-
343 2355 419 2387 adn.
437 2356 485 2386 acl
497 2367 528 2388 x.
548 2366 577 2395 4.
604 2367 641 2387 12
660 2368 667 2388 ε
691 2356 792 2388 simul
815 2356 940 2397 aliquid
958 2356 1083 2388 Muller
1215 2367 1254 2397 19
1278 2356 1410 2397 publica
1427 2354 1502 2386 add.

227 2423 263 2439 ὁ.
