1817 2832
174 113 292 150 VIII.
311 112 357 148 xi
693 110 750 147 M.
777 108 951 145 'TVLLI
982 106 1290 146 CICERONIS

358 217 426 253 XI
593 218 663 251 Scr.
682 219 715 249 iu
734 218 916 249 Fomm'ano
932 218 969 247 iii
982 217 1025 248 K.
1045 215 1146 248 Mart.
1164 225 1193 246 a.
1216 225 1270 255 705
1289 214 1373 256 (49).

730 294 903 325 CICERO
930 293 1099 324 ATTICO
1128 291 1227 323 SAL.

278 379 295 405 1
370 360 491 409 Quod
526 372 589 397 me
624 372 769 408 magno
798 357 918 396 animi
951 367 1061 395 motu
1100 357 1370 407 perturbatum
1403 364 1529 406 putas,
1563 370 1649 395 sum

314 425 499 475 equidem
535 425 604 462 sed
638 438 719 462 non
752 431 831 461 tam
863 436 1008 472 magno
1046 435 1165 472 quarn
1197 422 1266 460 tibi
1306 424 1469 460 fortasse
1502 422 1647 460 videor.

314 492 484 528 Levatur
512 489 618 528 enim
648 488 776 527 omnis
806 501 898 526 cura
926 501 1017 526 cum
1046 495 1113 525 aut
1141 486 1317 526 constitit
1343 487 1552 525 consilium
1583 495 1650 525 aut
1671 499 1688 532 5

314 554 526 604 cogitando
565 553 662 591 nihil
705 553 928 603 explicatur.
990 551 1214 590 Lamentari
1252 559 1384 589 autern
1424 551 1513 589 licet
1553 551 1650 590 illud

315 618 477 669 quidem
517 626 621 656 totos
660 618 768 666 dies,
809 619 878 656 sed
917 631 1053 655 vereor
1090 630 1141 655 ne
1179 616 1276 654 nihil
1314 630 1405 654 cum
1444 616 1649 666 proficiam

315 684 432 723 etiam
467 683 653 723 dedecori
688 683 760 722 sim
801 683 939 721 studiis
977 696 1022 720 ac
1057 682 1192 720 litteris
1231 681 1383 720 nostris.
1444 683 1650 721 Consumo

313 749 429 800 igitur
462 763 581 788 omne
608 757 764 798 tempus
799 748 1053 786 considerans
1087 755 1235 797 quanta
1271 742 1328 785 vis
1363 746 1411 784 sit
1444 746 1546 784 illius
1580 745 1651 784 viri

315 828 434 865 quem
455 814 597 853 nostris
621 814 728 852 libris
753 813 843 851 satis
871 813 1088 862 diligenter,
1111 820 1154 850 ut
1181 811 1251 850 tibi
1276 811 1437 862 quidem
1459 811 1648 858 videmur,
1673 827 1712 849 10

315 879 585 929 expressimus.
657 881 841 917 Tenesne
875 877 989 927 igitur
1027 879 1316 925 moderatorem
1351 876 1461 914 illum
1496 876 1548 915 rei
1584 890 1651 926 pu-

315 945 441 983 blicae
473 958 552 994 quo
584 946 724 982 referre
755 943 920 981 velimus
955 942 1117 980 omnia?
1188 943 1292 980 Nam
1327 941 1382 979 sic
1422 941 1570 991 quinto,
1609 948 1651 979 ut

315 1010 465 1060 opinor,
506 1009 546 1047 in
588 1009 688 1046 libro
727 1008 900 1058 loquitur
942 1007 1085 1057 Scipio,
1131 1009 1209 1045 ‘Vt
1247 1006 1354 1045 enim
1400 1005 1652 1056 gubernatori

316 1089 451 1113 cursus
481 1075 691 1121 secundus,
714 1073 871 1111 medico
901 1075 1014 1119 salus,
1039 1071 1262 1122 imperatori
1283 1071 1455 1119 victoria,
1478 1071 1533 1110 sic
1559 1071 1652 1110 huic

318 1140 555 1180 moderatori
581 1139 635 1178 rei
665 1139 846 1189 publicae
876 1139 992 1176 beata
1018 1138 1162 1176 civium
1193 1137 1271 1175 vita
1297 1137 1497 1187 proposita
1517 1145 1584 1183 est,
1610 1145 1652 1176 ut
1678 1153 1709 1183 ¹5

317 1206 460 1257 opibus
491 1207 611 1252 firma,
635 1204 758 1255 copiis
785 1205 971 1254 locuples,
1002 1202 1124 1253 gloria
1152 1204 1296 1252 ampla,
1316 1202 1457 1240 virtute
1486 1204 1653 1241 honesta

318 1271 377 1310 sit.
438 1270 570 1309 Huius
591 1270 696 1308 enim
718 1268 846 1318 operis
868 1267 1025 1306 maximi
1046 1268 1146 1306 inter
1173 1267 1354 1305 nomines
1374 1275 1493 1317 atque
1513 1266 1653 1317 optimi

275 1337 429 1377 2illum
468 1350 553 1374 esse
592 1336 849 1385 perfectorem
887 1335 1002 1372 volo.'
1061 1335 1154 1371 Hoc
1194 1335 1353 1371 Gnaeus
1391 1340 1524 1370 noster
1561 1345 1652 1370 curn

319 1410 435 1441 antea
455 1414 673 1450 numquam
694 1407 777 1437 tum
799 1398 839 1436 in
860 1400 933 1437 hac
954 1412 1073 1436 causa
1093 1398 1255 1436 minime
1276 1397 1469 1448 cogitavit.
1519 1397 1655 1435 Domi-

319 1466 427 1505 natio
448 1465 625 1516 quaesita
644 1465 695 1503 ab
716 1472 882 1514 utroque
903 1471 974 1511 est,
988 1478 1069 1502 non
1086 1463 1126 1502 id
1142 1471 1273 1501 actum
1295 1463 1410 1501 beata
1430 1469 1468 1500 et
1488 1463 1654 1500 honesta
1676 1475 1714 1495 20

320 1531 455 1570 civitas
485 1538 527 1568 ut
557 1537 669 1568 esset.
730 1531 817 1567 Nec
847 1542 938 1566 vero
973 1528 1037 1566 ille
1070 1529 1208 1567 urbem
1240 1527 1394 1576 reliquit
1426 1527 1535 1576 quod
1566 1540 1654 1565 eam

319 1596 417 1634 tueri
447 1609 527 1633 non
558 1602 690 1645 posset
722 1607 795 1631 nec
827 1593 981 1631 Italiam
1013 1594 1122 1642 quod
1153 1606 1198 1630 ea
1227 1593 1447 1642 pelleretur,
1477 1592 1546 1628 sed
1578 1592 1654 1628 hoc

317 1674 341 1699 a
369 1660 496 1711 primo
526 1658 720 1708 cogitavit,
744 1657 872 1695 omnis
900 1665 1033 1705 terras,
1053 1656 1186 1694 omnia
1208 1655 1328 1693 maria
1354 1668 1522 1700 movere,
1545 1667 1653 1704 reges

318 1726 504 1764 barbaros
535 1723 706 1770 incitare,
729 1723 855 1773 gentis
885 1724 984 1760 feras
1011 1729 1178 1760 armatas
1206 1720 1244 1758 in
1268 1719 1421 1757 Italiam
1442 1720 1651 1765 adducere,

320 1790 509 1829 exercitus
548 1790 742 1827 conficere
781 1788 983 1826 maximos.
1044 1788 1180 1825 Genus
1219 1785 1315 1823 illud
1354 1784 1502 1823 Sullani
1546 1783 1654 1833 regni
1676 1799 1712 1831 25

319 1855 396 1893 iam
417 1855 569 1905 pridem
590 1854 786 1904 appetitur
806 1853 938 1890 multis
959 1851 1025 1902 qui
1053 1865 1131 1890 una
1158 1858 1248 1889 sunt
1269 1849 1529 1900 cupientibus.
1590 1852 1654 1887 An

318 1934 455 1959 censes
494 1919 591 1957 nihil
625 1919 725 1957 inter
757 1932 824 1957 eos
864 1917 1084 1962 convenire,
1120 1918 1267 1954 nullam
1308 1914 1533 1964 pactionem
1572 1913 1655 1952 fieri

318 1985 524 2036 potuisse?
582 1983 717 2021 Hodie
745 1990 884 2033 potest.
944 1983 1021 2020 Sed
1049 1980 1176 2019 neutri
1197 1981 1336 2019 σκοπὸς
1356 1987 1414 2017 est
1434 1978 1498 2016 ille
1519 1985 1561 2016 ut
1581 1992 1654 2017 nos

320 2052 423 2090 beati
444 2051 590 2097 simus;
619 2058 783 2100 uterque
804 2063 963 2099 regnare
984 2050 1075 2086 vult.

275 2131 299 2168 3
374 2119 487 2156 Haec
508 2131 530 2154 a
554 2124 591 2154 te
619 2116 803 2153 invitatus
832 2114 1001 2153 breviter
1025 2111 1197 2163 exposui.
1256 2108 1428 2149 Voluisti
1457 2108 1562 2148 enirn
1590 2122 1654 2147 me
1675 2122 1715 2152 30

318 2182 414 2232 quid
443 2183 493 2220 de
522 2181 581 2219 his
612 2180 723 2219 malis
753 2179 936 2217 sentirem
968 2179 1186 2216 ostendere.
1246 2176 1493 2227 Προθεσπίζω
1526 2174 1651 2225 igitur,

359 2289 380 2317 6
404 2286 482 2317 licet
508 2286 587 2316 illud
613 2284 764 2324 quidem]
789 2284 833 2313 ila
859 2282 1061 2322 ilecrpznzxt‘t
1086 2280 1242 2321 Madvzgr:
1279 2279 1381 2310 licet:
1415 2278 1494 2310 illud
1517 2278 1653 2315 quidem

318 2331 484 2371 (safarim
502 2329 571 2359 edd.
738 2329 757 2356 8
783 2327 940 2357 dedecori
959 2327 1020 2355 sim
1044 2325 1145 2356 Rom.
1165 2336 1172 2356 z
1197 2324 1375 2356 dedecoris
1392 2323 1425 2353 in
1450 2321 1501 2352 JW
1518 2334 1524 2354 :
1550 2322 1653 2352 dede-

317 2374 385 2404 cori
402 2374 463 2404 sim
483 2373 515 2403 in
535 2371 609 2406 MJ:
639 2371 797 2403 dedecori
814 2371 858 2401 sit
875 2369 904 2400 L
925 2370 1064 2411 (warg.)
