1790 2837
592 124 704 161 EPP.
736 124 814 162 AD
844 123 1104 163 ATTICVM
1464 126 1518 164 ΙΙ.
1535 125 1550 163 i

171 235 336 274 Metello
361 236 431 273 sed
452 234 570 274 etiam
597 248 688 274 cum
710 235 844 283 Fabio,
868 237 976 286 quod
1002 249 1069 274 eos
1089 239 1200 277 †esse
1225 235 1267 275 in
1291 237 1367 276 hoc
1393 242 1502 277 65561·

171 301 337 338 moleste
356 301 439 338 fert.

225 365 346 412 Quod
370 365 421 402 de
444 364 591 414 agraria
614 366 699 414 lege
727 365 888 415 quaeris,
913 379 1006 404 sane
1026 366 1103 404 iam
1124 366 1278 405 videtur
1298 366 1497 405 refrixisse.
1521 375 1549 413 6

170 430 291 478 Quod
313 443 375 467 me
397 431 572 479 quodam
594 431 716 468 modo
733 430 841 468 molli
858 430 1042 469 bracchio
1059 432 1109 469 de
1127 431 1291 481 Pompei
1309 432 1501 469 familiari-

131 507 148 539 5
169 501 248 532 tate
278 494 470 544 obiurgas,
504 495 627 533 nolim
658 494 711 533 ita
740 495 946 541 existimes,
983 509 1045 534 me
1076 496 1153 534 mei
1184 496 1352 546 praesidi
1383 510 1500 535 causa

168 571 259 596 cum
284 558 351 598 illo
383 559 640 597 coniunctum
672 573 770 607 esse,
802 561 871 598 sed
903 559 955 597 ita
985 573 1044 598 res
1076 568 1156 598 erat
1187 560 1363 598 instituta
1393 569 1445 607 ut,
1468 561 1500 600 si

169 622 268 661 inter
289 638 360 662 nos
382 633 483 662 esset
503 624 634 674 aliqua
654 626 752 663 forte
777 625 981 672 dissensio,
1006 625 1193 664 maximas
1215 626 1253 663 in
1278 640 1318 664 re
1343 627 1500 676 publica

169 688 384 727 discordias
406 689 548 727 versari
578 697 680 727 esset
710 703 881 727 necesse.
943 691 1063 738 Quod
1093 704 1116 729 a
1146 704 1208 729 me
1238 691 1290 728 ita
1319 705 1499 740 praecau-

169 761 252 791 tum
286 761 404 803 atque
436 753 635 803 provisum
668 762 725 792 est
757 768 837 792 non
869 762 911 792 ut
943 768 1015 804 ego
1049 756 1099 793 de
1134 755 1284 805 optima
1314 755 1377 793 illa
1412 769 1499 794 mea

113 833 150 855 10
168 818 318 856 ratione
348 819 582 856 decederem
613 820 682 857 sed
716 826 758 856 ut
793 819 858 857 ille
889 828 989 857 esset
1025 820 1160 858 melior
1194 828 1232 858 et
1265 820 1413 869 aliquid
1449 821 1498 858 de

168 882 346 933 populari
368 883 524 921 levitate
547 884 772 933 deponeret.
834 886 965 933 Quem
993 886 1043 922 de
1073 884 1170 922 meis
1191 885 1320 932 rebus,
1341 885 1380 922 in
1401 898 1498 934 quas

168 961 259 985 eum
295 947 405 985 multi
438 947 653 995 incstarant,
687 950 811 986 multo
838 949 936 987 scito
965 949 1169 999 gloriosius
1197 963 1315 999 quam
1340 950 1389 987 de
1419 949 1497 987 suis

169 1012 417 1062 praedicare3
458 1013 532 1052 sibi
567 1013 671 1052 enim
706 1014 809 1052 bene
841 1022 986 1064 gestae,
1020 1014 1116 1051 mihi
1154 1022 1406 1053 conservatae
1444 1013 1498 1052 rei

170 1077 351 1127 publicae
385 1080 452 1117 dat
485 1078 765 1128 testimonium.
826 1081 919 1117 Hoc
953 1080 1079 1117 facere
1110 1079 1219 1116 illum
1252 1079 1347 1116 mihi
1379 1093 1497 1129 quam

116 1145 150 1183 i5
170 1142 291 1192 prosit
320 1143 479 1190 nesciog
508 1142 562 1181 rei
588 1143 769 1193 publicae
794 1150 897 1181 certe
923 1144 1093 1193 prodest.
1154 1143 1292 1191 Quid?
1322 1143 1352 1181 si
1380 1144 1497 1181 etiam

171 1208 378 1247 Caesarem
401 1208 512 1246 cuius
534 1222 640 1246 nunc
661 1208 767 1246 venti
786 1210 900 1246 valde
925 1216 1014 1246 sunt
1038 1208 1201 1246 secundi
1222 1210 1345 1247 reddo
1367 1209 1498 1247 melio-

168 1271 262 1319 rem,
298 1287 394 1311 num
435 1281 588 1311 tantum
623 1273 765 1312 obsum
804 1273 858 1311 rei
897 1273 1110 1324 publicae?
1167 1273 1275 1322 Quin
1314 1273 1431 1312 etiarn
1466 1273 1538 1321 si7

169 1336 265 1374 mihi
295 1351 413 1376 nemo
445 1337 645 1384 invideret,
678 1337 709 1376 si
740 1351 892 1385 OmneS,
922 1345 963 1376 ut
991 1345 1070 1376 erat
1097 1352 1281 1388 aequum,
1311 1340 1496 1385 faverent,

169 1410 301 1440 tamen
332 1416 413 1440 non
445 1402 575 1440 minus
611 1410 712 1441 esset
750 1403 955 1452 probanda
986 1402 1182 1441 medicina
1213 1416 1314 1452 quae
1344 1411 1496 1441 sanaret

111 1483 149 1504 20
169 1466 326 1505 vitiosas
359 1467 477 1516 partis
517 1467 570 1505 rei
609 1467 790 1517 publicae
824 1481 942 1517 quam
977 1481 1077 1517 quae
1111 1475 1317 1506 exsecaret.
1378 1469 1495 1506 Nunc

168 1545 270 1578 vero,
295 1545 416 1581 quom
447 1531 643 1581 equitatus
671 1531 734 1569 ille
765 1545 882 1581 quem
908 1545 980 1582 ego
1004 1532 1044 1569 in
1074 1531 1174 1570 clivo
1205 1531 1430 1582 Capitolino
1458 1541 1494 1571 te

168 1595 350 1646 signifero
373 1610 419 1635 ac
449 1596 625 1647 principe
655 1599 902 1636 conlocaram
927 1605 1107 1635 senatum
1128 1597 1353 1643 deseruerit,
1374 1597 1494 1636 nostri

167 1669 299 1699 autem
326 1661 522 1711 principes
547 1661 669 1711 digito
696 1675 738 1700 se
765 1663 916 1700 caelum
942 1670 1080 1712 putent
1106 1661 1295 1712 attingere
1325 1662 1356 1699 si
1386 1662 1494 1700 mulli

169 1725 319 1763 barbati
339 1725 379 1763 in
400 1725 559 1776 piscinis
581 1726 658 1764 sint
684 1725 751 1776 qui
777 1727 828 1764 ad
856 1740 1017 1764 manum
1043 1727 1245 1773 accedant,
1268 1726 1343 1764 alia
1362 1735 1493 1765 autem

113 1802 147 1833 25
167 1792 385 1840 neglegant,
417 1804 550 1829 nonne
585 1791 656 1829 tibi
689 1791 780 1829 satis
815 1793 1001 1841 prodesse
1033 1791 1168 1829 videor
1197 1791 1227 1829 si
1259 1791 1419 1841 perficio
1452 1800 1494 1829 ut

168 1856 294 1895 nolint
325 1857 464 1895 obesse
499 1857 566 1907 qui
597 1859 791 1907 possunt?
847 1859 951 1894 Nam
982 1858 1176 1896 Catonem
1207 1865 1383 1895 nostrum
1414 1871 1493 1895 non
1514 1861 1537 1898 8

168 1928 209 1958 tu
229 1934 337 1959 amas
358 1923 444 1971 plus
466 1935 584 1971 quam
605 1935 702 1971 ego3
732 1922 801 1959 sed
818 1928 948 1959 tamen
970 1921 1034 1960 ille
1055 1922 1206 1971 optimo
1226 1921 1359 1959 animo
1380 1930 1493 1960 utens

168 1993 206 2023 et
240 1999 393 2024 summa
427 1987 505 2024 fide
539 1993 656 2024 nocet
694 1985 890 2023 interdum
925 1985 977 2023 rei
1012 1986 1193 2036 publicae
1210 2001 1220 2034 3
1260 1986 1355 2024 dicit
1388 1986 1493 2024 enim

168 2057 369 2100 tamquam
408 2050 448 2087 in
488 2050 662 2088 Platonis
695 2052 873 2100 πολιτείᾳ,
906 2064 985 2088 non
1021 2058 1221 2100 tamquam
1257 2051 1296 2088 in
1332 2051 1493 2089 Romuli

111 2125 148 2155 30
168 2115 275 2152 faece
310 2114 554 2153 sententiam.
628 2114 737 2164 Quid
768 2114 893 2153 verius
923 2128 1042 2164 quam
1071 2115 1110 2152 in
1141 2115 1329 2153 iudicium
1362 2115 1492 2153 venire

168 2177 232 2227 qui
256 2178 308 2216 ob
329 2191 409 2216 rem
432 2178 684 2217 iudicandam
705 2178 913 2229 pecuniam
941 2179 1165 2228 acceperit?
1222 2179 1387 2218 Censuit
1417 2180 1492 2217 hoc

216 2292 228 2311 1
256 2292 314 2311 eos
333 2282 365 2311 in
383 2282 446 2312 hoc
465 2292 540 2312 esse
561 2282 634 2313 ls't'ct.
654 2294 659 2312 :
685 2294 744 2313 eos
767 2283 844 2312 mihi
870 2293 945 2312 esse
962 2283 1086 2313 amicos
1103 2283 1140 2312 I:
1166 2293 1225 2312 eos
1243 2283 1396 2313 inimicos
1415 2293 1491 2313 6556

170 2325 343 2356 Bticheler:
369 2336 428 2355 cos
445 2336 521 2355 csse
539 2326 741 2356 innocentes
760 2326 899 2365 Aladvrg
1040 2336 1061 2364 9
1084 2331 1185 2365 atque
1200 2330 1240 2356 Σ5
1252 2326 1338 2356 Cras.
1360 2338 1366 2355 τ
1390 2331 1490 2365 atque

169 2368 213 2398 ita
239 2368 279 2397 M
352 2369 540 2407 praevisum
567 2368 618 2398 Μι
711 2379 747 2407 17
773 2369 909 2398 tandem
935 2368 1058 2399 Sclnitz
1157 2379 1198 2408 25
1220 2373 1293 2410 post
1315 2369 1399 2400 satis
1414 2369 1487 2401 add.

170 2411 374 2450 reipublicae
396 2410 584 2451 lVesenberg
713 2422 755 2451 29
780 2412 946 2442 Romulae
968 2412 1046 2442 «oni.
1071 2411 1192 2451 Tyrrell
