<?xml version="1.0" encoding="UTF-8"?>
<!DOCTYPE html PUBLIC "-//W3C//DTD XHTML 1.0 Transitional//EN"
    "http://www.w3.org/TR/xhtml1/DTD/xhtml1-transitional.dtd">
<html xmlns="http://www.w3.org/1999/xhtml" xml:lang="en" lang="en">
 <head>
  <title>
</title>
<meta http-equiv="Content-Type" content="text/html;charset=utf-8" />
  <meta name='ocr-system' content='tesseract 3.04.00' />
  <meta name='ocr-capabilities' content='ocr_page ocr_carea ocr_par ocr_line ocrx_word'/>
</head>
<body>
  <div class='ocr_page' id='page_1' title='image "./epistulaerecogno0201ciceuoft_0178.png"; bbox 0 0 1817 2832; ppageno 0'>
   <div class='ocr_carea' id='block_1_1' title="bbox 153 131 1212 173">
    <p class='ocr_par' dir='ltr' id='par_1_1' title="bbox 153 131 1212 173">
     <span class='ocr_line' id='line_1_1' title="bbox 153 131 1212 173; baseline 0.005 -5"><span class='ocrx_word' id='word_1_1' title='bbox 153 132 200 169; x_wconf 89' lang='lat' dir='ltr'>V.</span> <span class='ocrx_word' id='word_1_2' title='bbox 224 131 302 168; x_wconf 86' lang='lat' dir='ltr'>xiv</span> <span class='ocrx_word' id='word_1_3' title='bbox 615 134 671 170; x_wconf 88' lang='lat' dir='ltr'>M.</span> <span class='ocrx_word' id='word_1_4' title='bbox 703 133 873 170; x_wconf 86' lang='lat' dir='ltr'>TVLLI</span> <span class='ocrx_word' id='word_1_5' title='bbox 904 133 1212 173; x_wconf 89' lang='lat' dir='ltr'>CICERONIS</span> 
     </span>
    </p>
   </div>
   <div class='ocr_carea' id='block_1_2' title="bbox 201 244 1576 869">
    <p class='ocr_par' dir='ltr' id='par_1_2' title="bbox 244 244 1575 423">
     <span class='ocr_line' id='line_1_2' title="bbox 246 244 1575 295; baseline 0.002 -13"><span class='ocrx_word' id='word_1_6' title='bbox 246 244 396 283; x_wconf 81' lang='lat' dir='ltr'><strong>Omnes</strong></span> <span class='ocrx_word' id='word_1_7' title='bbox 432 244 509 282; x_wconf 89' lang='lat' dir='ltr'>iam</span> <span class='ocrx_word' id='word_1_8' title='bbox 543 244 665 283; x_wconf 83' lang='lat' dir='ltr'>nostri</span> <span class='ocrx_word' id='word_1_9' title='bbox 695 252 846 295; x_wconf 85' lang='lat' dir='ltr'>praeter</span> <span class='ocrx_word' id='word_1_10' title='bbox 870 245 1046 283; x_wconf 90' lang='lat' dir='ltr'>Tullium</span> <span class='ocrx_word' id='word_1_11' title='bbox 1078 253 1190 284; x_wconf 90' lang='lat' dir='ltr'>tuum</span> <span class='ocrx_word' id='word_1_12' title='bbox 1219 254 1419 285; x_wconf 89' lang='lat' dir='ltr'>venerunt.</span> <span class='ocrx_word' id='word_1_13' title='bbox 1481 249 1575 286; x_wconf 87' lang='lat' dir='ltr'>Erat</span> 
     </span>
     <span class='ocr_line' id='line_1_3' title="bbox 245 308 1575 359; baseline 0.005 -14"><span class='ocrx_word' id='word_1_14' title='bbox 245 309 340 346; x_wconf 86' lang='lat' dir='ltr'>mihi</span> <span class='ocrx_word' id='word_1_15' title='bbox 362 308 401 346; x_wconf 96' lang='lat' dir='ltr'>in</span> <span class='ocrx_word' id='word_1_16' title='bbox 422 308 555 346; x_wconf 89' lang='lat' dir='ltr'>animo</span> <span class='ocrx_word' id='word_1_17' title='bbox 576 317 680 347; x_wconf 86' lang='lat' dir='ltr'>recta</span> <span class='ocrx_word' id='word_1_18' title='bbox 702 310 895 359; x_wconf 89' lang='lat' dir='ltr'>proficisci</span> <span class='ocrx_word' id='word_1_19' title='bbox 915 311 966 348; x_wconf 88' lang='lat' dir='ltr'>ad</span> <span class='ocrx_word' id='word_1_20' title='bbox 987 311 1210 358; x_wconf 78' lang='lat' dir='ltr'>exercitum,</span> <span class='ocrx_word' id='word_1_21' title='bbox 1233 312 1401 351; x_wconf 83' lang='lat' dir='ltr'>aestivos</span> <span class='ocrx_word' id='word_1_22' title='bbox 1429 313 1575 352; x_wconf 78' lang='lat' dir='ltr'>mensis</span> 
     </span>
     <span class='ocr_line' id='line_1_4' title="bbox 244 373 1303 423; baseline 0.004 -13"><span class='ocrx_word' id='word_1_23' title='bbox 244 373 414 423; x_wconf 83' lang='lat' dir='ltr'>reliquos</span> <span class='ocrx_word' id='word_1_24' title='bbox 435 373 487 411; x_wconf 89' lang='lat' dir='ltr'>rei</span> <span class='ocrx_word' id='word_1_25' title='bbox 510 373 663 411; x_wconf 86' lang='lat' dir='ltr'>militari</span> <span class='ocrx_word' id='word_1_26' title='bbox 684 376 786 422; x_wconf 86' lang='lat' dir='ltr'>dare,</span> <span class='ocrx_word' id='word_1_27' title='bbox 810 375 996 414; x_wconf 86' lang='lat' dir='ltr'>hibernos</span> <span class='ocrx_word' id='word_1_28' title='bbox 1017 375 1108 414; x_wconf 89' lang='lat' dir='ltr'>iuris</span> <span class='ocrx_word' id='word_1_29' title='bbox 1129 376 1303 415; x_wconf 90' lang='lat' dir='ltr'>dictioni.</span> 
     </span>
    </p>

    <p class='ocr_par' dir='ltr' id='par_1_3' title="bbox 201 438 1576 869">
     <span class='ocr_line' id='line_1_5' title="bbox 201 438 1576 493; baseline 0.004 -18"><span class='ocrx_word' id='word_1_30' title='bbox 201 442 225 479; x_wconf 87' lang='grc'><strong>3</strong></span> <span class='ocrx_word' id='word_1_31' title='bbox 297 440 360 476; x_wconf 92' lang='lat' dir='ltr'>Tu</span> <span class='ocrx_word' id='word_1_32' title='bbox 376 438 506 486; x_wconf 81' lang='lat' dir='ltr'>velim,</span> <span class='ocrx_word' id='word_1_33' title='bbox 521 438 551 476; x_wconf 88' lang='lat' dir='ltr'>si</span> <span class='ocrx_word' id='word_1_34' title='bbox 573 453 636 477; x_wconf 89' lang='lat' dir='ltr'>me</span> <span class='ocrx_word' id='word_1_35' title='bbox 657 439 781 478; x_wconf 84' lang='lat' dir='ltr'>nihilo</span> <span class='ocrx_word' id='word_1_36' title='bbox 802 439 932 478; x_wconf 88' lang='lat' dir='ltr'>minus</span> <span class='ocrx_word' id='word_1_37' title='bbox 953 440 1056 479; x_wconf 89' lang='lat' dir='ltr'>nosti</span> <span class='ocrx_word' id='word_1_38' title='bbox 1078 440 1275 479; x_wconf 89' lang='lat' dir='ltr'>curiosum</span> <span class='ocrx_word' id='word_1_39' title='bbox 1296 440 1336 479; x_wconf 90' lang='lat' dir='ltr'>in</span> <span class='ocrx_word' id='word_1_40' title='bbox 1357 456 1396 481; x_wconf 89' lang='lat' dir='ltr'>re</span> <span class='ocrx_word' id='word_1_41' title='bbox 1416 442 1576 493; x_wconf 86' lang='lat' dir='ltr'>publica</span> 
     </span>
     <span class='ocr_line' id='line_1_6' title="bbox 243 503 1571 556; baseline 0.005 -16"><span class='ocrx_word' id='word_1_42' title='bbox 243 517 361 553; x_wconf 81' lang='lat' dir='ltr'>quam</span> <span class='ocrx_word' id='word_1_43' title='bbox 389 510 440 551; x_wconf 78' lang='lat' dir='ltr'>te,</span> <span class='ocrx_word' id='word_1_44' title='bbox 461 503 608 542; x_wconf 87' lang='lat' dir='ltr'>scribas</span> <span class='ocrx_word' id='word_1_45' title='bbox 634 505 685 542; x_wconf 86' lang='lat' dir='ltr'>ad</span> <span class='ocrx_word' id='word_1_46' title='bbox 713 518 776 543; x_wconf 92' lang='lat' dir='ltr'>me</span> <span class='ocrx_word' id='word_1_47' title='bbox 803 504 937 543; x_wconf 89' lang='lat' dir='ltr'>omnia</span> <span class='ocrx_word' id='word_1_48' title='bbox 963 519 1064 555; x_wconf 86' lang='lat' dir='ltr'>quae</span> <span class='ocrx_word' id='word_1_49' title='bbox 1094 505 1180 552; x_wconf 88' lang='lat' dir='ltr'>sint,</span> <span class='ocrx_word' id='word_1_50' title='bbox 1205 520 1306 556; x_wconf 87' lang='lat' dir='ltr'>quae</span> <span class='ocrx_word' id='word_1_51' title='bbox 1332 508 1460 545; x_wconf 88' lang='lat' dir='ltr'>futura</span> <span class='ocrx_word' id='word_1_52' title='bbox 1485 507 1571 546; x_wconf 90' lang='lat' dir='ltr'>sint.</span> 
     </span>
     <span class='ocr_line' id='line_1_7' title="bbox 242 568 1575 620; baseline 0.005 -15"><span class='ocrx_word' id='word_1_53' title='bbox 242 568 352 606; x_wconf 86' lang='lat' dir='ltr'>Nihil</span> <span class='ocrx_word' id='word_1_54' title='bbox 384 568 481 606; x_wconf 86' lang='lat' dir='ltr'>mihi</span> <span class='ocrx_word' id='word_1_55' title='bbox 511 568 655 618; x_wconf 82' lang='lat' dir='ltr'>gratius</span> <span class='ocrx_word' id='word_1_56' title='bbox 690 570 816 608; x_wconf 89' lang='lat' dir='ltr'>facere</span> <span class='ocrx_word' id='word_1_57' title='bbox 848 578 987 620; x_wconf 86' lang='lat' dir='ltr'>potes;</span> <span class='ocrx_word' id='word_1_58' title='bbox 1028 570 1101 608; x_wconf 88' lang='lat' dir='ltr'>nisi</span> <span class='ocrx_word' id='word_1_59' title='bbox 1137 579 1269 609; x_wconf 86' lang='lat' dir='ltr'>tamen</span> <span class='ocrx_word' id='word_1_60' title='bbox 1303 571 1344 610; x_wconf 90' lang='lat' dir='ltr'>id</span> <span class='ocrx_word' id='word_1_61' title='bbox 1376 572 1447 611; x_wconf 88' lang='lat' dir='ltr'>erit</span> <span class='ocrx_word' id='word_1_62' title='bbox 1478 572 1575 611; x_wconf 85' lang='lat' dir='ltr'>mihi</span> 
     </span>
     <span class='ocr_line' id='line_1_8' title="bbox 240 633 1575 688; baseline 0.004 -17"><span class='ocrx_word' id='word_1_63' title='bbox 240 633 517 684; x_wconf 82' lang='lat' dir='ltr'>gratissimum,</span> <span class='ocrx_word' id='word_1_64' title='bbox 546 634 577 672; x_wconf 87' lang='lat' dir='ltr'>si</span> <span class='ocrx_word' id='word_1_65' title='bbox 607 649 707 684; x_wconf 83' lang='lat' dir='ltr'>quae</span> <span class='ocrx_word' id='word_1_66' title='bbox 738 635 808 673; x_wconf 87' lang='lat' dir='ltr'>tibi</span> <span class='ocrx_word' id='word_1_67' title='bbox 843 636 1027 674; x_wconf 81' lang='lat' dir='ltr'>mandavi</span> <span class='ocrx_word' id='word_1_68' title='bbox 1057 637 1273 675; x_wconf 79' lang='lat' dir='ltr'>confeceris</span> <span class='ocrx_word' id='word_1_69' title='bbox 1304 637 1575 688; x_wconf 82' lang='lat' dir='ltr'>imprimisque</span> 
     </span>
     <span class='ocr_line' id='line_1_9' title="bbox 240 698 1574 752; baseline 0.004 -16"><span class='ocrx_word' id='word_1_70' title='bbox 240 698 337 737; x_wconf 88' lang='lat' dir='ltr'>illud</span> <span class='ocrx_word' id='word_1_71' title='bbox 377 700 590 752; x_wconf 81' lang='grc' dir='ltr'>ἐνδόμυχον,</span> <span class='ocrx_word' id='word_1_72' title='bbox 623 714 703 750; x_wconf 84' lang='lat' dir='ltr'>quo</span> <span class='ocrx_word' id='word_1_73' title='bbox 738 700 833 738; x_wconf 90' lang='lat' dir='ltr'>mihi</span> <span class='ocrx_word' id='word_1_74' title='bbox 869 700 943 739; x_wconf 88' lang='lat' dir='ltr'>scis</span> <span class='ocrx_word' id='word_1_75' title='bbox 982 701 1079 739; x_wconf 85' lang='lat' dir='ltr'>nihil</span> <span class='ocrx_word' id='word_1_76' title='bbox 1114 715 1198 740; x_wconf 88' lang='lat' dir='ltr'>esse</span> <span class='ocrx_word' id='word_1_77' title='bbox 1233 702 1368 740; x_wconf 91' lang='lat' dir='ltr'>carius.</span> <span class='ocrx_word' id='word_1_78' title='bbox 1435 704 1574 742; x_wconf 88' lang='lat' dir='ltr'>Habes</span> 
     </span>
     <span class='ocr_line' id='line_1_10' title="bbox 240 763 1575 818; baseline 0.004 -17"><span class='ocrx_word' id='word_1_79' title='bbox 240 763 449 814; x_wconf 80' lang='lat' dir='ltr'>epistulam</span> <span class='ocrx_word' id='word_1_80' title='bbox 483 767 642 815; x_wconf 88' lang='lat' dir='ltr'>plenam</span> <span class='ocrx_word' id='word_1_81' title='bbox 672 765 933 804; x_wconf 80' lang='lat' dir='ltr'>festinationis</span> <span class='ocrx_word' id='word_1_82' title='bbox 972 773 1011 805; x_wconf 88' lang='lat' dir='ltr'>et</span> <span class='ocrx_word' id='word_1_83' title='bbox 1045 766 1239 816; x_wconf 78' lang='lat' dir='ltr'>pulveris3</span> <span class='ocrx_word' id='word_1_84' title='bbox 1280 766 1452 818; x_wconf 83' lang='lat' dir='ltr'>reliquae</span> <span class='ocrx_word' id='word_1_85' title='bbox 1486 767 1575 806; x_wconf 87' lang='lat' dir='ltr'>sub-</span> 
     </span>
     <span class='ocr_line' id='line_1_11' title="bbox 241 829 541 869; baseline 0.01 -3"><span class='ocrx_word' id='word_1_86' title='bbox 241 829 387 869; x_wconf 83' lang='lat' dir='ltr'>tiliores</span> <span class='ocrx_word' id='word_1_87' title='bbox 417 838 541 869; x_wconf 89' lang='lat' dir='ltr'>erunt.</span> 
     </span>
    </p>
   </div>
   <div class='ocr_carea' id='block_1_3' title="bbox 284 985 1282 1113">
    <p class='ocr_par' dir='ltr' id='par_1_4' title="bbox 284 985 1282 1113">
     <span class='ocr_line' id='line_1_12' title="bbox 284 985 1282 1035; baseline 0.004 -15"><span class='ocrx_word' id='word_1_88' title='bbox 284 985 370 1020; x_wconf 90' lang='lat' dir='ltr'>XV</span> <span class='ocrx_word' id='word_1_89' title='bbox 529 989 599 1023; x_wconf 77' lang='lat' dir='ltr'>scr.</span> <span class='ocrx_word' id='word_1_90' title='bbox 620 990 794 1022; x_wconf 43' lang='lat' dir='ltr'>Laodikene</span> <span class='ocrx_word' id='word_1_91' title='bbox 809 991 846 1022; x_wconf 76' lang='lat' dir='ltr'>iii</span> <span class='ocrx_word' id='word_1_92' title='bbox 859 991 945 1023; x_wconf 78' lang='lat' dir='ltr'>Non.</span> <span class='ocrx_word' id='word_1_93' title='bbox 963 990 1050 1024; x_wconf 81' lang='lat' dir='ltr'>Sext.</span> <span class='ocrx_word' id='word_1_94' title='bbox 1068 1003 1098 1025; x_wconf 85' lang='lat' dir='ltr'>a.</span> <span class='ocrx_word' id='word_1_95' title='bbox 1124 1002 1178 1032; x_wconf 74' lang='lat'>703</span> <span class='ocrx_word' id='word_1_96' title='bbox 1197 992 1282 1035; x_wconf 78' lang='lat'>(51).</span> 
     </span>
     <span class='ocr_line' id='line_1_13' title="bbox 661 1080 1157 1113; baseline 0.006 -3"><span class='ocrx_word' id='word_1_97' title='bbox 661 1080 837 1111; x_wconf 84' lang='lat' dir='ltr'>CICERO</span> <span class='ocrx_word' id='word_1_98' title='bbox 861 1080 1034 1111; x_wconf 86' lang='lat' dir='ltr'>ATTICO</span> <span class='ocrx_word' id='word_1_99' title='bbox 1061 1081 1157 1113; x_wconf 86' lang='lat' dir='ltr'><strong>SAL.</strong></span> 
     </span>
    </p>
   </div>
   <div class='ocr_carea' id='block_1_4' title="bbox 198 1166 1573 1938">
    <p class='ocr_par' dir='ltr' id='par_1_5' title="bbox 204 1166 1573 1869">
     <span class='ocr_line' id='line_1_14' title="bbox 204 1166 1572 1218; baseline 0.005 -14"><span class='ocrx_word' id='word_1_100' title='bbox 204 1173 223 1202; x_wconf 94' lang='lat'>1</span> <span class='ocrx_word' id='word_1_101' title='bbox 294 1166 534 1206; x_wconf 83' lang='lat' dir='ltr'>Laodiceam</span> <span class='ocrx_word' id='word_1_102' title='bbox 556 1167 645 1206; x_wconf 91' lang='lat' dir='ltr'>veni</span> <span class='ocrx_word' id='word_1_103' title='bbox 666 1168 791 1218; x_wconf 84' lang='lat' dir='ltr'>pridie</span> <span class='ocrx_word' id='word_1_104' title='bbox 813 1171 900 1207; x_wconf 85' lang='lat' dir='ltr'>Kal.</span> <span class='ocrx_word' id='word_1_105' title='bbox 926 1169 1089 1208; x_wconf 83' lang='lat' dir='ltr'>Sextilis.</span> <span class='ocrx_word' id='word_1_106' title='bbox 1152 1173 1211 1209; x_wconf 84' lang='lat' dir='ltr'>Ex</span> <span class='ocrx_word' id='word_1_107' title='bbox 1235 1172 1311 1210; x_wconf 92' lang='lat' dir='ltr'>hoc</span> <span class='ocrx_word' id='word_1_108' title='bbox 1332 1171 1396 1211; x_wconf 87' lang='lat' dir='ltr'>die</span> <span class='ocrx_word' id='word_1_109' title='bbox 1418 1173 1572 1211; x_wconf 86' lang='lat' dir='ltr'>clavum</span> 
     </span>
     <span class='ocr_line' id='line_1_15' title="bbox 239 1232 1570 1285; baseline 0.005 -15"><span class='ocrx_word' id='word_1_110' title='bbox 239 1232 333 1270; x_wconf 89' lang='lat' dir='ltr'>anni</span> <span class='ocrx_word' id='word_1_111' title='bbox 358 1232 546 1271; x_wconf 90' lang='lat' dir='ltr'>movebis.</span> <span class='ocrx_word' id='word_1_112' title='bbox 606 1233 716 1271; x_wconf 88' lang='lat' dir='ltr'>Nihil</span> <span class='ocrx_word' id='word_1_113' title='bbox 746 1234 965 1284; x_wconf 83' lang='lat' dir='ltr'>exoptatius</span> <span class='ocrx_word' id='word_1_114' title='bbox 992 1236 1164 1274; x_wconf 89' lang='lat' dir='ltr'>adventu</span> <span class='ocrx_word' id='word_1_115' title='bbox 1194 1250 1297 1285; x_wconf 76' lang='lat' dir='ltr'>meo,</span> <span class='ocrx_word' id='word_1_116' title='bbox 1317 1237 1413 1275; x_wconf 86' lang='lat' dir='ltr'>nihil</span> <span class='ocrx_word' id='word_1_117' title='bbox 1435 1237 1570 1276; x_wconf 89' lang='lat' dir='ltr'>carius.</span> 
     </span>
     <span class='ocr_line' id='line_1_16' title="bbox 240 1297 1573 1349; baseline 0.005 -15"><span class='ocrx_word' id='word_1_118' title='bbox 240 1298 319 1335; x_wconf 85' lang='lat' dir='ltr'>Sed</span> <span class='ocrx_word' id='word_1_119' title='bbox 353 1305 411 1336; x_wconf 91' lang='lat' dir='ltr'>est</span> <span class='ocrx_word' id='word_1_120' title='bbox 443 1297 673 1336; x_wconf 89' lang='lat' dir='ltr'>incredibile</span> <span class='ocrx_word' id='word_1_121' title='bbox 707 1312 826 1348; x_wconf 81' lang='lat' dir='ltr'>quam</span> <span class='ocrx_word' id='word_1_122' title='bbox 861 1313 925 1338; x_wconf 94' lang='lat' dir='ltr'>me</span> <span class='ocrx_word' id='word_1_123' title='bbox 956 1300 1089 1349; x_wconf 84' lang='lat' dir='ltr'>negoti</span> <span class='ocrx_word' id='word_1_124' title='bbox 1119 1303 1288 1348; x_wconf 78' lang='lat' dir='ltr'>taedeat,</span> <span class='ocrx_word' id='word_1_125' title='bbox 1317 1315 1397 1340; x_wconf 91' lang='lat' dir='ltr'>non</span> <span class='ocrx_word' id='word_1_126' title='bbox 1430 1303 1573 1341; x_wconf 86' lang='lat' dir='ltr'>habeat</span> 
     </span>
     <span class='ocr_line' id='line_1_17' title="bbox 240 1362 1573 1416; baseline 0.005 -16"><span class='ocrx_word' id='word_1_127' title='bbox 240 1362 332 1400; x_wconf 85' lang='lat' dir='ltr'>satis</span> <span class='ocrx_word' id='word_1_128' title='bbox 364 1376 551 1412; x_wconf 84' lang='lat' dir='ltr'>magnum</span> <span class='ocrx_word' id='word_1_129' title='bbox 581 1377 766 1413; x_wconf 88' lang='lat' dir='ltr'>campum</span> <span class='ocrx_word' id='word_1_130' title='bbox 797 1364 860 1403; x_wconf 93' lang='grc'>1116</span> <span class='ocrx_word' id='word_1_131' title='bbox 890 1364 961 1403; x_wconf 89' lang='lat' dir='ltr'>tibi</span> <span class='ocrx_word' id='word_1_132' title='bbox 991 1379 1072 1404; x_wconf 90' lang='lat' dir='ltr'>non</span> <span class='ocrx_word' id='word_1_133' title='bbox 1102 1365 1258 1416; x_wconf 82' lang='lat' dir='ltr'>ignotus</span> <span class='ocrx_word' id='word_1_134' title='bbox 1288 1380 1423 1405; x_wconf 86' lang='lat' dir='ltr'>cursus</span> <span class='ocrx_word' id='word_1_135' title='bbox 1451 1367 1573 1405; x_wconf 86' lang='lat' dir='ltr'>animi</span> 
     </span>
     <span class='ocr_line' id='line_1_18' title="bbox 240 1427 1573 1482; baseline 0.005 -17"><span class='ocrx_word' id='word_1_136' title='bbox 240 1435 277 1466; x_wconf 90' lang='lat' dir='ltr'>et</span> <span class='ocrx_word' id='word_1_137' title='bbox 313 1427 527 1466; x_wconf 86' lang='lat' dir='ltr'>industriae</span> <span class='ocrx_word' id='word_1_138' title='bbox 562 1442 687 1476; x_wconf 72' lang='lat' dir='ltr'>meae‚</span> <span class='ocrx_word' id='word_1_139' title='bbox 717 1431 914 1479; x_wconf 85' lang='lat' dir='ltr'>praeclara</span> <span class='ocrx_word' id='word_1_140' title='bbox 952 1443 1071 1480; x_wconf 86' lang='lat' dir='ltr'>opera</span> <span class='ocrx_word' id='word_1_141' title='bbox 1109 1439 1245 1470; x_wconf 85' lang='lat' dir='ltr'>cesset.</span> <span class='ocrx_word' id='word_1_142' title='bbox 1311 1432 1485 1482; x_wconf 80' lang='lat' dir='ltr'>Quippe,</span> <span class='ocrx_word' id='word_1_143' title='bbox 1514 1432 1573 1471; x_wconf 87' lang='lat' dir='ltr'>ius</span> 
     </span>
     <span class='ocr_line' id='line_1_19' title="bbox 239 1493 1572 1545; baseline 0.004 -14"><span class='ocrx_word' id='word_1_144' title='bbox 239 1493 462 1532; x_wconf 85' lang='lat' dir='ltr'>Laodiceae</span> <span class='ocrx_word' id='word_1_145' title='bbox 487 1507 550 1532; x_wconf 95' lang='lat' dir='ltr'>me</span> <span class='ocrx_word' id='word_1_146' title='bbox 571 1493 715 1541; x_wconf 77' lang='lat' dir='ltr'>dicere,</span> <span class='ocrx_word' id='word_1_147' title='bbox 736 1508 826 1532; x_wconf 91' lang='lat' dir='ltr'>cum</span> <span class='ocrx_word' id='word_1_148' title='bbox 849 1496 1003 1534; x_wconf 90' lang='lat' dir='ltr'>Romae</span> <span class='ocrx_word' id='word_1_149' title='bbox 1024 1498 1070 1534; x_wconf 92' lang='lat' dir='ltr'>A.</span> <span class='ocrx_word' id='word_1_150' title='bbox 1096 1497 1245 1535; x_wconf 90' lang='lat' dir='ltr'>Plotius</span> <span class='ocrx_word' id='word_1_151' title='bbox 1271 1497 1385 1544; x_wconf 83' lang='lat' dir='ltr'>dicat,</span> <span class='ocrx_word' id='word_1_152' title='bbox 1410 1506 1460 1545; x_wconf 79' lang='lat' dir='ltr'>et,</span> <span class='ocrx_word' id='word_1_153' title='bbox 1481 1511 1572 1536; x_wconf 89' lang='grc'>611111</span> 
     </span>
     <span class='ocr_line' id='line_1_20' title="bbox 240 1558 1571 1610; baseline 0.004 -15"><span class='ocrx_word' id='word_1_154' title='bbox 240 1558 452 1596; x_wconf 80' lang='lat' dir='ltr'>exercitum</span> <span class='ocrx_word' id='word_1_155' title='bbox 480 1566 612 1597; x_wconf 88' lang='lat' dir='ltr'>noster</span> <span class='ocrx_word' id='word_1_156' title='bbox 631 1559 781 1597; x_wconf 86' lang='lat' dir='ltr'>amicus</span> <span class='ocrx_word' id='word_1_157' title='bbox 809 1561 953 1599; x_wconf 90' lang='lat' dir='ltr'>habeat</span> <span class='ocrx_word' id='word_1_158' title='bbox 975 1569 1141 1610; x_wconf 78' lang='lat' dir='ltr'>tanturn,</span> <span class='ocrx_word' id='word_1_159' title='bbox 1163 1576 1226 1600; x_wconf 93' lang='lat' dir='ltr'>me</span> <span class='ocrx_word' id='word_1_160' title='bbox 1252 1576 1398 1600; x_wconf 89' lang='lat' dir='ltr'>nomen</span> <span class='ocrx_word' id='word_1_161' title='bbox 1426 1563 1571 1601; x_wconf 88' lang='lat' dir='ltr'>habere</span> 
     </span>
     <span class='ocr_line' id='line_1_21' title="bbox 239 1623 1566 1675; baseline 0.003 -14"><span class='ocrx_word' id='word_1_162' title='bbox 239 1625 405 1662; x_wconf 87' lang='lat' dir='ltr'>duarum</span> <span class='ocrx_word' id='word_1_163' title='bbox 437 1623 637 1673; x_wconf 79' lang='lat' dir='ltr'>legionum</span> <span class='ocrx_word' id='word_1_164' title='bbox 671 1624 859 1662; x_wconf 78' lang='lat' dir='ltr'>exilium?</span> <span class='ocrx_word' id='word_1_165' title='bbox 909 1626 1093 1675; x_wconf 85' lang='lat' dir='ltr'>Denique</span> <span class='ocrx_word' id='word_1_166' title='bbox 1127 1628 1225 1665; x_wconf 90' lang='lat' dir='ltr'>haec</span> <span class='ocrx_word' id='word_1_167' title='bbox 1259 1641 1340 1664; x_wconf 88' lang='lat' dir='ltr'>non</span> <span class='ocrx_word' id='word_1_168' title='bbox 1374 1627 1566 1674; x_wconf 85' lang='lat' dir='ltr'>desidero,</span> 
     </span>
     <span class='ocr_line' id='line_1_22' title="bbox 238 1690 1571 1738; baseline 0.003 -12"><span class='ocrx_word' id='word_1_169' title='bbox 238 1690 379 1736; x_wconf 86' lang='lat' dir='ltr'>lucem,</span> <span class='ocrx_word' id='word_1_170' title='bbox 402 1690 541 1736; x_wconf 90' lang='lat' dir='ltr'>forum,</span> <span class='ocrx_word' id='word_1_171' title='bbox 564 1690 716 1737; x_wconf 81' lang='lat' dir='ltr'>urbem,</span> <span class='ocrx_word' id='word_1_172' title='bbox 737 1691 912 1738; x_wconf 89' lang='lat' dir='ltr'>domum,</span> <span class='ocrx_word' id='word_1_173' title='bbox 937 1705 1006 1729; x_wconf 78' lang='lat' dir='ltr'>vos</span> <span class='ocrx_word' id='word_1_174' title='bbox 1032 1691 1224 1730; x_wconf 92' lang='lat' dir='ltr'>desidero.</span> <span class='ocrx_word' id='word_1_175' title='bbox 1284 1693 1362 1730; x_wconf 87' lang='lat' dir='ltr'>Sed</span> <span class='ocrx_word' id='word_1_176' title='bbox 1386 1694 1506 1730; x_wconf 87' lang='lat' dir='ltr'>feram</span> <span class='ocrx_word' id='word_1_177' title='bbox 1529 1700 1571 1731; x_wconf 89' lang='lat' dir='ltr'>ut</span> 
     </span>
     <span class='ocr_line' id='line_1_23' title="bbox 238 1754 1570 1806; baseline 0.003 -15"><span class='ocrx_word' id='word_1_178' title='bbox 238 1761 386 1803; x_wconf 87' lang='lat' dir='ltr'>potero,</span> <span class='ocrx_word' id='word_1_179' title='bbox 403 1754 450 1792; x_wconf 90' lang='lat' dir='ltr'>sit</span> <span class='ocrx_word' id='word_1_180' title='bbox 467 1755 588 1792; x_wconf 91' lang='lat' dir='ltr'>modo</span> <span class='ocrx_word' id='word_1_181' title='bbox 608 1768 795 1793; x_wconf 87' lang='lat' dir='ltr'>annuum.</span> <span class='ocrx_word' id='word_1_182' title='bbox 848 1755 887 1794; x_wconf 83' lang='lat' dir='ltr'>Si</span> <span class='ocrx_word' id='word_1_183' title='bbox 905 1764 1142 1806; x_wconf 80' lang='lat' dir='ltr'>prorogatur,</span> <span class='ocrx_word' id='word_1_184' title='bbox 1159 1764 1290 1795; x_wconf 88' lang='lat' dir='ltr'>actum</span> <span class='ocrx_word' id='word_1_185' title='bbox 1312 1764 1379 1795; x_wconf 90' lang='lat' dir='ltr'>est.</span> <span class='ocrx_word' id='word_1_186' title='bbox 1422 1759 1570 1796; x_wconf 87' lang='lat' dir='ltr'>Verum</span> 
     </span>
     <span class='ocr_line' id='line_1_24' title="bbox 240 1819 1190 1869; baseline 0.004 -13"><span class='ocrx_word' id='word_1_187' title='bbox 240 1820 422 1868; x_wconf 83' lang='lat' dir='ltr'>perfacile</span> <span class='ocrx_word' id='word_1_188' title='bbox 443 1819 567 1857; x_wconf 81' lang='lat' dir='ltr'>resisti</span> <span class='ocrx_word' id='word_1_189' title='bbox 588 1828 726 1869; x_wconf 84' lang='lat' dir='ltr'>potest,</span> <span class='ocrx_word' id='word_1_190' title='bbox 746 1828 788 1858; x_wconf 90' lang='lat' dir='ltr'>tu</span> <span class='ocrx_word' id='word_1_191' title='bbox 811 1822 932 1859; x_wconf 92' lang='lat' dir='ltr'>modo</span> <span class='ocrx_word' id='word_1_192' title='bbox 955 1823 1108 1860; x_wconf 84' lang='lat' dir='ltr'>Romae</span> <span class='ocrx_word' id='word_1_193' title='bbox 1129 1822 1190 1860; x_wconf 87' lang='lat' dir='ltr'>sis.</span> 
     </span>
    </p>

    <p class='ocr_par' dir='ltr' id='par_1_6' title="bbox 198 1884 1569 1938">
     <span class='ocr_line' id='line_1_25' title="bbox 198 1884 1569 1938; baseline 0.005 -19"><span class='ocrx_word' id='word_1_194' title='bbox 198 1892 222 1919; x_wconf 86' lang='lat'>2</span> <span class='ocrx_word' id='word_1_195' title='bbox 295 1884 460 1932; x_wconf 86' lang='lat' dir='ltr'>Quaeris</span> <span class='ocrx_word' id='word_1_196' title='bbox 482 1884 577 1934; x_wconf 86' lang='lat' dir='ltr'>quid</span> <span class='ocrx_word' id='word_1_197' title='bbox 602 1884 665 1923; x_wconf 90' lang='lat' dir='ltr'>hic</span> <span class='ocrx_word' id='word_1_198' title='bbox 689 1900 813 1936; x_wconf 80' lang='lat' dir='ltr'>agam.</span> <span class='ocrx_word' id='word_1_199' title='bbox 875 1888 936 1925; x_wconf 86' lang='lat' dir='ltr'>Ita</span> <span class='ocrx_word' id='word_1_200' title='bbox 956 1886 1083 1925; x_wconf 85' lang='lat' dir='ltr'>vivam</span> <span class='ocrx_word' id='word_1_201' title='bbox 1108 1895 1150 1925; x_wconf 92' lang='lat' dir='ltr'>ut</span> <span class='ocrx_word' id='word_1_202' title='bbox 1178 1887 1368 1926; x_wconf 81' lang='lat' dir='ltr'>maximos</span> <span class='ocrx_word' id='word_1_203' title='bbox 1390 1895 1569 1938; x_wconf 84' lang='lat' dir='ltr'>sumptus</span> 
     </span>
    </p>
   </div>
   <div class='ocr_carea' id='block_1_5' title="bbox 240 1949 1626 1999">
    <p class='ocr_par' dir='ltr' id='par_1_7' title="bbox 240 1949 1626 1999">
     <span class='ocr_line' id='line_1_26' title="bbox 240 1949 1626 1999; baseline 0.004 -13"><span class='ocrx_word' id='word_1_204' title='bbox 240 1949 350 1987; x_wconf 86' lang='lat' dir='ltr'>facio.</span> <span class='ocrx_word' id='word_1_205' title='bbox 411 1949 578 1988; x_wconf 85' lang='lat' dir='ltr'>Mirifice</span> <span class='ocrx_word' id='word_1_206' title='bbox 608 1952 782 1990; x_wconf 89' lang='lat' dir='ltr'>delector</span> <span class='ocrx_word' id='word_1_207' title='bbox 811 1953 887 1990; x_wconf 93' lang='lat' dir='ltr'>hoc</span> <span class='ocrx_word' id='word_1_208' title='bbox 917 1951 1105 1990; x_wconf 86' lang='lat' dir='ltr'>instituto.</span> <span class='ocrx_word' id='word_1_209' title='bbox 1165 1953 1420 1991; x_wconf 79' lang='lat' dir='ltr'>Admirabilis</span> <span class='ocrx_word' id='word_1_210' title='bbox 1454 1953 1570 1992; x_wconf 86' lang='lat' dir='ltr'>absti-</span> <span class='ocrx_word' id='word_1_211' title='bbox 1611 1989 1626 1999; x_wconf 41' lang='grc' dir='ltr'>ι</span> 
     </span>
    </p>
   </div>
   <div class='ocr_carea' id='block_1_6' title="bbox 196 2014 1569 2263">
    <p class='ocr_par' dir='ltr' id='par_1_8' title="bbox 196 2014 1569 2263">
     <span class='ocr_line' id='line_1_27' title="bbox 237 2014 1569 2068; baseline 0.005 -16"><span class='ocrx_word' id='word_1_212' title='bbox 237 2014 372 2053; x_wconf 81' lang='lat' dir='ltr'>nentia</span> <span class='ocrx_word' id='word_1_213' title='bbox 405 2029 451 2053; x_wconf 85' lang='lat' dir='ltr'>ex</span> <span class='ocrx_word' id='word_1_214' title='bbox 483 2016 700 2066; x_wconf 83' lang='lat' dir='ltr'>praeceptis</span> <span class='ocrx_word' id='word_1_215' title='bbox 733 2016 822 2064; x_wconf 83' lang='lat' dir='ltr'>tuis,</span> <span class='ocrx_word' id='word_1_216' title='bbox 849 2024 892 2055; x_wconf 85' lang='lat' dir='ltr'>ut</span> <span class='ocrx_word' id='word_1_217' title='bbox 917 2031 1050 2055; x_wconf 87' lang='lat' dir='ltr'>verear</span> <span class='ocrx_word' id='word_1_218' title='bbox 1083 2031 1132 2056; x_wconf 90' lang='lat' dir='ltr'>ne</span> <span class='ocrx_word' id='word_1_219' title='bbox 1167 2017 1263 2056; x_wconf 89' lang='lat' dir='ltr'>illud</span> <span class='ocrx_word' id='word_1_220' title='bbox 1295 2020 1403 2068; x_wconf 86' lang='lat' dir='ltr'>quod</span> <span class='ocrx_word' id='word_1_221' title='bbox 1437 2026 1569 2058; x_wconf 89' lang='lat' dir='ltr'>tecum</span> 
     </span>
     <span class='ocr_line' id='line_1_28' title="bbox 238 2080 1569 2134; baseline 0.005 -17"><span class='ocrx_word' id='word_1_222' title='bbox 238 2080 456 2130; x_wconf 88' lang='lat' dir='ltr'>permutavi</span> <span class='ocrx_word' id='word_1_223' title='bbox 481 2095 637 2119; x_wconf 82' lang='lat' dir='ltr'>versura</span> <span class='ocrx_word' id='word_1_224' title='bbox 664 2081 761 2120; x_wconf 89' lang='lat' dir='ltr'>mihi</span> <span class='ocrx_word' id='word_1_225' title='bbox 791 2084 1025 2121; x_wconf 85' lang='lat' dir='ltr'>solvendum</span> <span class='ocrx_word' id='word_1_226' title='bbox 1055 2082 1113 2121; x_wconf 86' lang='lat' dir='ltr'>sit.</span> <span class='ocrx_word' id='word_1_227' title='bbox 1173 2084 1279 2134; x_wconf 87' lang='lat' dir='ltr'>Appi</span> <span class='ocrx_word' id='word_1_228' title='bbox 1300 2086 1460 2123; x_wconf 90' lang='lat' dir='ltr'>vulnera</span> <span class='ocrx_word' id='word_1_229' title='bbox 1486 2099 1569 2124; x_wconf 91' lang='lat' dir='ltr'>non</span> 
     </span>
     <span class='ocr_line' id='line_1_29' title="bbox 196 2145 1569 2198; baseline 0.004 -15"><span class='ocrx_word' id='word_1_230' title='bbox 196 2145 387 2193; x_wconf 79' lang='lat' dir='ltr'>3refrico‚</span> <span class='ocrx_word' id='word_1_231' title='bbox 423 2147 493 2185; x_wconf 89' lang='lat' dir='ltr'>sed</span> <span class='ocrx_word' id='word_1_232' title='bbox 532 2155 720 2197; x_wconf 81' lang='lat' dir='ltr'>apparent</span> <span class='ocrx_word' id='word_1_233' title='bbox 756 2162 828 2186; x_wconf 85' lang='lat' dir='ltr'>nec</span> <span class='ocrx_word' id='word_1_234' title='bbox 861 2148 988 2186; x_wconf 91' lang='lat' dir='ltr'>occuli</span> <span class='ocrx_word' id='word_1_235' title='bbox 1023 2156 1197 2198; x_wconf 83' lang='lat' dir='ltr'>possunt.</span> <span class='ocrx_word' id='word_1_236' title='bbox 1260 2151 1338 2188; x_wconf 90' lang='lat' dir='ltr'>Iter</span> <span class='ocrx_word' id='word_1_237' title='bbox 1370 2150 1569 2190; x_wconf 86' lang='lat' dir='ltr'>Laodicea</span> 
     </span>
     <span class='ocr_line' id='line_1_30' title="bbox 238 2211 1567 2263; baseline 0.005 -15"><span class='ocrx_word' id='word_1_238' title='bbox 238 2211 431 2249; x_wconf 84' lang='lat' dir='ltr'>faciebam</span> <span class='ocrx_word' id='word_1_239' title='bbox 455 2226 488 2250; x_wconf 89' lang='lat' dir='ltr'>a.</span> <span class='ocrx_word' id='word_1_240' title='bbox 513 2213 549 2250; x_wconf 89' lang='lat' dir='ltr'>d.</span> <span class='ocrx_word' id='word_1_241' title='bbox 575 2224 620 2249; x_wconf 93' lang='lat'>111</span> <span class='ocrx_word' id='word_1_242' title='bbox 644 2214 748 2250; x_wconf 86' lang='lat' dir='ltr'>Non.</span> <span class='ocrx_word' id='word_1_243' title='bbox 773 2213 939 2261; x_wconf 79' lang='lat' dir='ltr'>Sextilis,</span> <span class='ocrx_word' id='word_1_244' title='bbox 960 2227 1050 2251; x_wconf 89' lang='lat' dir='ltr'>cum</span> <span class='ocrx_word' id='word_1_245' title='bbox 1081 2215 1150 2252; x_wconf 88' lang='lat' dir='ltr'>has</span> <span class='ocrx_word' id='word_1_246' title='bbox 1178 2214 1323 2253; x_wconf 83' lang='lat' dir='ltr'>litteras</span> <span class='ocrx_word' id='word_1_247' title='bbox 1348 2217 1504 2263; x_wconf 89' lang='lat' dir='ltr'>dabam,</span> <span class='ocrx_word' id='word_1_248' title='bbox 1528 2215 1567 2253; x_wconf 94' lang='lat' dir='ltr'>in</span> 
     </span>
    </p>
   </div>
   <div class='ocr_carea' id='block_1_7' title="bbox 233 2316 1566 2442">
    <p class='ocr_par' dir='ltr' id='par_1_9' title="bbox 233 2316 1566 2442">
     <span class='ocr_line' id='line_1_31' title="bbox 279 2316 1565 2357; baseline 0.005 -13"><span class='ocrx_word' id='word_1_249' title='bbox 279 2316 299 2344; x_wconf 90' lang='lat'>8</span> <span class='ocrx_word' id='word_1_250' title='bbox 325 2316 389 2346; x_wconf 85' lang='lat' dir='ltr'>scis</span> <span class='ocrx_word' id='word_1_251' title='bbox 421 2319 511 2347; x_wconf 54' lang='lat' dir='ltr'>vest:</span> <span class='ocrx_word' id='word_1_252' title='bbox 559 2317 646 2346; x_wconf 87' lang='lat' dir='ltr'>scies</span> <span class='ocrx_word' id='word_1_253' title='bbox 678 2316 766 2347; x_wconf 83' lang='lat' dir='ltr'>codd.</span> <span class='ocrx_word' id='word_1_254' title='bbox 800 2317 835 2356; x_wconf 90' lang='lat' dir='ltr'>cf.</span> <span class='ocrx_word' id='word_1_255' title='bbox 868 2317 933 2349; x_wconf 86' lang='lat' dir='ltr'>viii.</span> <span class='ocrx_word' id='word_1_256' title='bbox 962 2327 991 2355; x_wconf 83' lang='lat'>3.</span> <span class='ocrx_word' id='word_1_257' title='bbox 1028 2318 1121 2356; x_wconf 84' lang='lat' dir='ltr'>5fin.</span> <span class='ocrx_word' id='word_1_258' title='bbox 1260 2328 1297 2357; x_wconf 89' lang='lat'>15</span> <span class='ocrx_word' id='word_1_259' title='bbox 1323 2320 1468 2356; x_wconf 80' lang='lat' dir='ltr'>taedeat,</span> <span class='ocrx_word' id='word_1_260' title='bbox 1497 2330 1565 2350; x_wconf 86' lang='lat' dir='ltr'>non</span> 
     </span>
     <span class='ocr_line' id='line_1_32' title="bbox 234 2357 1565 2397; baseline 0.005 -11"><span class='ocrx_word' id='word_1_261' title='bbox 234 2357 356 2387; x_wconf 78' lang='lat' dir='ltr'>habeat</span> <span class='ocrx_word' id='word_1_262' title='bbox 376 2358 433 2397; x_wconf 61' lang='lat' dir='ltr'>(ila</span> <span class='ocrx_word' id='word_1_263' title='bbox 446 2357 501 2395; x_wconf 90' lang='lat' dir='ltr'>M)</span> <span class='ocrx_word' id='word_1_264' title='bbox 521 2358 571 2388; x_wconf 77' lang='lat' dir='ltr'>vel</span> <span class='ocrx_word' id='word_1_265' title='bbox 581 2359 716 2388; x_wconf 76' lang='lat' dir='ltr'>taedeat</span> <span class='ocrx_word' id='word_1_266' title='bbox 734 2368 807 2388; x_wconf 87' lang='lat' dir='ltr'>eum</span> <span class='ocrx_word' id='word_1_267' title='bbox 823 2369 886 2388; x_wconf 80' lang='lat' dir='ltr'>non</span> <span class='ocrx_word' id='word_1_268' title='bbox 904 2360 1022 2389; x_wconf 66' lang='lat' dir='ltr'>habeat</span> <span class='ocrx_word' id='word_1_269' title='bbox 1037 2360 1178 2391; x_wconf 76' lang='lat' dir='ltr'>Mt&#39;iller:</span> <span class='ocrx_word' id='word_1_270' title='bbox 1203 2362 1350 2392; x_wconf 85' lang='lat' dir='ltr'>taedeat.</span> <span class='ocrx_word' id='word_1_271' title='bbox 1376 2362 1452 2393; x_wconf 91' lang='lat' dir='ltr'>Non</span> <span class='ocrx_word' id='word_1_272' title='bbox 1466 2363 1565 2393; x_wconf 82' lang='lat' dir='ltr'>habet</span> 
     </span>
     <span class='ocr_line' id='line_1_33' title="bbox 233 2401 1566 2442; baseline 0.005 -12"><span class='ocrx_word' id='word_1_273' title='bbox 233 2401 320 2438; x_wconf 69' lang='lat' dir='ltr'>vulg.</span> <span class='ocrx_word' id='word_1_274' title='bbox 476 2412 511 2441; x_wconf 91' lang='lat'>17</span> <span class='ocrx_word' id='word_1_275' title='bbox 538 2407 647 2432; x_wconf 82' lang='lat' dir='ltr'>cessat</span> <span class='ocrx_word' id='word_1_276' title='bbox 666 2403 752 2442; x_wconf 75' lang='lat' dir='ltr'>vulg.</span> <span class='ocrx_word' id='word_1_277' title='bbox 801 2402 851 2432; x_wconf 84' lang='lat' dir='ltr'>ius</span> <span class='ocrx_word' id='word_1_278' title='bbox 868 2402 909 2433; x_wconf 91' lang='lat' dir='ltr'>I:</span> <span class='ocrx_word' id='word_1_279' title='bbox 934 2409 966 2433; x_wconf 84' lang='lat' dir='ltr'>et</span> <span class='ocrx_word' id='word_1_280' title='bbox 988 2403 1027 2432; x_wconf 81' lang='lat' dir='ltr'>iis</span> <span class='ocrx_word' id='word_1_281' title='bbox 1045 2402 1153 2435; x_wconf 68' lang='lat' dir='ltr'>MO‘3:</span> <span class='ocrx_word' id='word_1_282' title='bbox 1180 2408 1234 2434; x_wconf 83' lang='lat' dir='ltr'>tus</span> <span class='ocrx_word' id='word_1_283' title='bbox 1250 2404 1320 2435; x_wconf 82' lang='lat' dir='ltr'>NP</span> <span class='ocrx_word' id='word_1_284' title='bbox 1465 2408 1505 2435; x_wconf 79' lang='lat'>26</span> <span class='ocrx_word' id='word_1_285' title='bbox 1531 2411 1566 2436; x_wconf 83' lang='lat' dir='ltr'>nt</span> 
     </span>
    </p>
   </div>
   <div class='ocr_carea' id='block_1_8' title="bbox 233 2443 1568 2490">
    <p class='ocr_par' dir='ltr' id='par_1_10' title="bbox 233 2443 1568 2490">
     <span class='ocr_line' id='line_1_34' title="bbox 233 2443 1568 2490; baseline 0.004 -16"><span class='ocrx_word' id='word_1_286' title='bbox 233 2443 372 2474; x_wconf 62' lang='lat' dir='ltr'>Nstws</span> <span class='ocrx_word' id='word_1_287' title='bbox 390 2456 396 2475; x_wconf 92' lang='lat'>:</span> <span class='ocrx_word' id='word_1_288' title='bbox 413 2450 470 2475; x_wconf 85' lang='lat' dir='ltr'>aut</span> <span class='ocrx_word' id='word_1_289' title='bbox 483 2445 534 2475; x_wconf 83' lang='lat' dir='ltr'>M¹</span> <span class='ocrx_word' id='word_1_290' title='bbox 554 2457 559 2475; x_wconf 92' lang='lat'>:</span> <span class='ocrx_word' id='word_1_291' title='bbox 579 2446 669 2476; x_wconf 81' lang='lat' dir='ltr'>haud</span> <span class='ocrx_word' id='word_1_292' title='bbox 684 2446 713 2476; x_wconf 81' lang='lat' dir='ltr'><em>O</em></span> <span class='ocrx_word' id='word_1_293' title='bbox 800 2456 840 2485; x_wconf 89' lang='lat'>27</span> <span class='ocrx_word' id='word_1_294' title='bbox 858 2447 1046 2486; x_wconf 83' lang='lat' dir='ltr'>permutavi</span> <span class='ocrx_word' id='word_1_295' title='bbox 1058 2458 1074 2478; x_wconf 88' lang='lat' dir='ltr'>s</span> <span class='ocrx_word' id='word_1_296' title='bbox 1085 2458 1095 2478; x_wconf 70' lang='lat' dir='ltr'><em>z</em></span> <span class='ocrx_word' id='word_1_297' title='bbox 1113 2449 1279 2488; x_wconf 85' lang='lat' dir='ltr'>permulta</span> <span class='ocrx_word' id='word_1_298' title='bbox 1290 2449 1320 2479; x_wconf 88' lang='lat' dir='ltr'>vi</span> <span class='ocrx_word' id='word_1_299' title='bbox 1335 2448 1384 2490; x_wconf 88' lang='lat' dir='ltr'>(in</span> <span class='ocrx_word' id='word_1_300' title='bbox 1397 2448 1445 2489; x_wconf 78' lang='lat' dir='ltr'>N)</span> <span class='ocrx_word' id='word_1_301' title='bbox 1461 2449 1568 2480; x_wconf 75' lang='lat' dir='ltr'>ONM</span> 
     </span>
    </p>
   </div>
   <div class='ocr_carea' id='block_1_9' title="bbox 1595 854 1635 876">
    <p class='ocr_par' dir='ltr' id='par_1_11' title="bbox 1595 854 1635 876">
     <span class='ocr_line' id='line_1_35' title="bbox 1595 854 1635 876; baseline 0 0"><span class='ocrx_word' id='word_1_302' title='bbox 1595 854 1635 876; x_wconf 92' lang='lat'>10</span> 
     </span>
    </p>
   </div>
   <div class='ocr_carea' id='block_1_10' title="bbox 1596 1315 1632 1346">
    <p class='ocr_par' dir='ltr' id='par_1_12' title="bbox 1596 1315 1632 1346">
     <span class='ocr_line' id='line_1_36' title="bbox 1596 1315 1632 1346; baseline 0 0"><span class='ocrx_word' id='word_1_303' title='bbox 1596 1315 1632 1346; x_wconf 90' lang='lat'>15</span> 
     </span>
    </p>
   </div>
   <div class='ocr_carea' id='block_1_11' title="bbox 1592 1641 1631 1663">
    <p class='ocr_par' dir='ltr' id='par_1_13' title="bbox 1592 1641 1631 1663">
     <span class='ocr_line' id='line_1_37' title="bbox 1592 1641 1631 1663; baseline 0 0"><span class='ocrx_word' id='word_1_304' title='bbox 1592 1641 1631 1663; x_wconf 86' lang='lat'>20</span> 
     </span>
    </p>
   </div>
  </div>
 </body>
</html>
