<?xml version="1.0" encoding="UTF-8"?>
<!DOCTYPE html PUBLIC "-//W3C//DTD XHTML 1.0 Transitional//EN"
    "http://www.w3.org/TR/xhtml1/DTD/xhtml1-transitional.dtd">
<html xmlns="http://www.w3.org/1999/xhtml" xml:lang="en" lang="en">
 <head>
  <title>
</title>
<meta http-equiv="Content-Type" content="text/html;charset=utf-8" />
  <meta name='ocr-system' content='tesseract 3.04.00' />
  <meta name='ocr-capabilities' content='ocr_page ocr_carea ocr_par ocr_line ocrx_word'/>
</head>
<body>
  <div class='ocr_page' id='page_1' title='image "./epistulaerecogno0201ciceuoft_0012.png"; bbox 0 0 1790 2837; ppageno 0'>
   <div class='ocr_carea' id='block_1_1' title="bbox 697 151 1020 189">
    <p class='ocr_par' dir='ltr' id='par_1_1' title="bbox 697 151 1020 189">
     <span class='ocr_line' id='line_1_1' title="bbox 697 151 1020 189; baseline 0 -1"><span class='ocrx_word' id='word_1_1' title='bbox 697 151 1020 189; x_wconf 89' lang='lat' dir='ltr'><strong>PRAEFATIO</strong></span> 
     </span>
    </p>
   </div>
   <div class='ocr_carea' id='block_1_2' title="bbox 188 259 1523 830">
    <p class='ocr_par' dir='ltr' id='par_1_2' title="bbox 188 259 1523 830">
     <span class='ocr_line' id='line_1_2' title="bbox 192 259 1521 308; baseline -0.002 -10"><span class='ocrx_word' id='word_1_2' title='bbox 192 261 403 308; x_wconf 80' lang='lat' dir='ltr'>conquisiti,</span> <span class='ocrx_word' id='word_1_3' title='bbox 434 260 495 296; x_wconf 87' lang='lat' dir='ltr'>alii</span> <span class='ocrx_word' id='word_1_4' title='bbox 529 271 616 295; x_wconf 91' lang='lat' dir='ltr'>vero</span> <span class='ocrx_word' id='word_1_5' title='bbox 646 259 849 294; x_wconf 91' lang='lat' dir='ltr'>amicorum</span> <span class='ocrx_word' id='word_1_6' title='bbox 883 259 1064 294; x_wconf 88' lang='lat' dir='ltr'>beneficio</span> <span class='ocrx_word' id='word_1_7' title='bbox 1091 285 1099 293; x_wconf 94' lang='lat'>.</span> <span class='ocrx_word' id='word_1_8' title='bbox 1126 284 1134 293; x_wconf 89' lang='lat'><strong>.</strong></span> <span class='ocrx_word' id='word_1_9' title='bbox 1161 285 1169 294; x_wconf 88' lang='lat'><strong><em>.</em></strong></span> <span class='ocrx_word' id='word_1_10' title='bbox 1195 259 1291 295; x_wconf 90' lang='lat' dir='ltr'>inter</span> <span class='ocrx_word' id='word_1_11' title='bbox 1324 271 1415 306; x_wconf 91' lang='lat' dir='ltr'>quos</span> <span class='ocrx_word' id='word_1_12' title='bbox 1449 272 1521 296; x_wconf 89' lang='lat' dir='ltr'>non</span> 
     </span>
     <span class='ocr_line' id='line_1_3' title="bbox 192 317 1522 366; baseline -0.001 -11"><span class='ocrx_word' id='word_1_13' title='bbox 192 332 331 366; x_wconf 86' lang='lat' dir='ltr'>paucos</span> <span class='ocrx_word' id='word_1_14' title='bbox 359 330 478 364; x_wconf 88' lang='lat' dir='ltr'>neque</span> <span class='ocrx_word' id='word_1_15' title='bbox 512 318 756 363; x_wconf 89' lang='lat' dir='ltr'>paenitendos</span> <span class='ocrx_word' id='word_1_16' title='bbox 790 318 899 353; x_wconf 90' lang='lat' dir='ltr'>nobis</span> <span class='ocrx_word' id='word_1_17' title='bbox 929 317 1214 352; x_wconf 80' lang='lat' dir='ltr'>communicavit</span> <span class='ocrx_word' id='word_1_18' title='bbox 1241 319 1293 353; x_wconf 93' lang='lat' dir='ltr'>Io.</span> <span class='ocrx_word' id='word_1_19' title='bbox 1321 319 1522 354; x_wconf 86' lang='lat' dir='ltr'>Sichardus</span> 
     </span>
     <span class='ocr_line' id='line_1_4' title="bbox 192 375 1521 421; baseline -0.002 -8"><span class='ocrx_word' id='word_1_20' title='bbox 192 406 200 413; x_wconf 92' lang='lat'><em>.</em></span> <span class='ocrx_word' id='word_1_21' title='bbox 228 406 236 413; x_wconf 92' lang='lat'><strong><em>.</em></strong></span> <span class='ocrx_word' id='word_1_22' title='bbox 262 406 270 413; x_wconf 90' lang='lat'>.</span> <span class='ocrx_word' id='word_1_23' title='bbox 301 378 413 413; x_wconf 87' lang='lat' dir='ltr'><strong>Unde</strong></span> <span class='ocrx_word' id='word_1_24' title='bbox 439 377 578 411; x_wconf 88' lang='lat' dir='ltr'>factum</span> <span class='ocrx_word' id='word_1_25' title='bbox 605 383 660 411; x_wconf 89' lang='lat' dir='ltr'>est</span> <span class='ocrx_word' id='word_1_26' title='bbox 687 382 725 410; x_wconf 93' lang='lat' dir='ltr'>ut</span> <span class='ocrx_word' id='word_1_27' title='bbox 751 382 921 421; x_wconf 89' lang='lat' dir='ltr'>coeptum</span> <span class='ocrx_word' id='word_1_28' title='bbox 948 375 1143 420; x_wconf 84' lang='lat' dir='ltr'>negocium</span> <span class='ocrx_word' id='word_1_29' title='bbox 1172 376 1350 421; x_wconf 88' lang='lat' dir='ltr'>principio</span> <span class='ocrx_word' id='word_1_30' title='bbox 1377 377 1521 411; x_wconf 88' lang='lat' dir='ltr'>difficil-</span> 
     </span>
     <span class='ocr_line' id='line_1_5' title="bbox 191 433 1521 480; baseline -0.001 -10"><span class='ocrx_word' id='word_1_31' title='bbox 191 436 319 470; x_wconf 89' lang='lat' dir='ltr'>limum</span> <span class='ocrx_word' id='word_1_32' title='bbox 338 436 448 480; x_wconf 73' lang='lat' dir='ltr'>paulo</span> <span class='ocrx_word' id='word_1_33' title='bbox 466 434 598 469; x_wconf 84' lang='lat' dir='ltr'>minori</span> <span class='ocrx_word' id='word_1_34' title='bbox 626 434 781 479; x_wconf 84' lang='lat' dir='ltr'>negocio</span> <span class='ocrx_word' id='word_1_35' title='bbox 809 433 1030 468; x_wconf 85' lang='lat' dir='ltr'>confecerim</span> <span class='ocrx_word' id='word_1_36' title='bbox 1057 460 1064 467; x_wconf 93' lang='lat'><em>.</em></span> <span class='ocrx_word' id='word_1_37' title='bbox 1091 460 1099 468; x_wconf 89' lang='lat'><strong>.</strong></span> <span class='ocrx_word' id='word_1_38' title='bbox 1127 459 1135 467; x_wconf 92' lang='lat'>.</span> <span class='ocrx_word' id='word_1_39' title='bbox 1161 435 1295 468; x_wconf 88' lang='lat' dir='ltr'>multas</span> <span class='ocrx_word' id='word_1_40' title='bbox 1314 434 1412 469; x_wconf 89' lang='lat' dir='ltr'>enim</span> <span class='ocrx_word' id='word_1_41' title='bbox 1437 434 1521 469; x_wconf 90' lang='lat' dir='ltr'>inde</span> 
     </span>
     <span class='ocr_line' id='line_1_6' title="bbox 191 491 1522 538; baseline 0 -10"><span class='ocrx_word' id='word_1_42' title='bbox 191 494 347 529; x_wconf 84' lang='lat' dir='ltr'>mendas</span> <span class='ocrx_word' id='word_1_43' title='bbox 374 493 589 528; x_wconf 79' lang='lat' dir='ltr'>sustulimus</span> <span class='ocrx_word' id='word_1_44' title='bbox 616 504 710 538; x_wconf 86' lang='lat' dir='ltr'>quae</span> <span class='ocrx_word' id='word_1_45' title='bbox 736 492 877 538; x_wconf 88' lang='lat' dir='ltr'>priores</span> <span class='ocrx_word' id='word_1_46' title='bbox 903 491 1109 527; x_wconf 88' lang='lat' dir='ltr'>aeditiones</span> <span class='ocrx_word' id='word_1_47' title='bbox 1132 498 1383 537; x_wconf 85' lang='lat' dir='ltr'>occuparant:</span> <span class='ocrx_word' id='word_1_48' title='bbox 1412 499 1522 538; x_wconf 88' lang='lat' dir='ltr'>atque</span> 
     </span>
     <span class='ocr_line' id='line_1_7' title="bbox 192 549 1522 596; baseline -0.002 -9"><span class='ocrx_word' id='word_1_49' title='bbox 192 553 228 587; x_wconf 89' lang='lat' dir='ltr'>id</span> <span class='ocrx_word' id='word_1_50' title='bbox 256 559 341 587; x_wconf 87' lang='lat' dir='ltr'>ante</span> <span class='ocrx_word' id='word_1_51' title='bbox 367 552 492 586; x_wconf 88' lang='lat' dir='ltr'>omnia</span> <span class='ocrx_word' id='word_1_52' title='bbox 520 551 556 585; x_wconf 92' lang='lat' dir='ltr'>in</span> <span class='ocrx_word' id='word_1_53' title='bbox 587 550 753 596; x_wconf 52' lang='lat' dir='ltr'>epistofis</span> <span class='ocrx_word' id='word_1_54' title='bbox 779 551 827 585; x_wconf 88' lang='lat' dir='ltr'>ad</span> <span class='ocrx_word' id='word_1_55' title='bbox 853 549 1031 585; x_wconf 89' lang='lat' dir='ltr'>Atticum.</span> <span class='ocrx_word' id='word_1_56' title='bbox 1081 551 1260 585; x_wconf 83' lang='lat' dir='ltr'>Attamen</span> <span class='ocrx_word' id='word_1_57' title='bbox 1288 549 1403 585; x_wconf 86' lang='lat' dir='ltr'>sicubi</span> <span class='ocrx_word' id='word_1_58' title='bbox 1429 550 1522 586; x_wconf 88' lang='lat' dir='ltr'>forte</span> 
     </span>
     <span class='ocr_line' id='line_1_8' title="bbox 191 607 1522 656; baseline -0.003 -10"><span class='ocrx_word' id='word_1_59' title='bbox 191 618 341 656; x_wconf 89' lang='lat' dir='ltr'>propter</span> <span class='ocrx_word' id='word_1_60' title='bbox 358 610 576 645; x_wconf 88' lang='lat' dir='ltr'>mendarum</span> <span class='ocrx_word' id='word_1_61' title='bbox 595 609 848 644; x_wconf 81' lang='lat' dir='ltr'>diversitatem</span> <span class='ocrx_word' id='word_1_62' title='bbox 876 608 1079 643; x_wconf 88' lang='lat' dir='ltr'>eliciendae</span> <span class='ocrx_word' id='word_1_63' title='bbox 1105 607 1310 643; x_wconf 88' lang='lat' dir='ltr'>sententiae</span> <span class='ocrx_word' id='word_1_64' title='bbox 1327 608 1522 643; x_wconf 85' lang='lat' dir='ltr'>difficultas</span> 
     </span>
     <span class='ocr_line' id='line_1_9' title="bbox 188 665 1523 713; baseline -0.003 -9"><span class='ocrx_word' id='word_1_65' title='bbox 188 669 460 711; x_wconf 85' lang='lat' dir='ltr'>suboriebatur,</span> <span class='ocrx_word' id='word_1_66' title='bbox 479 667 694 713; x_wconf 87' lang='lat' dir='ltr'>reliquimus</span> <span class='ocrx_word' id='word_1_67' title='bbox 721 674 799 702; x_wconf 87' lang='lat' dir='ltr'>tum</span> <span class='ocrx_word' id='word_1_68' title='bbox 828 666 877 701; x_wconf 91' lang='lat' dir='ltr'>ibi</span> <span class='ocrx_word' id='word_1_69' title='bbox 906 678 970 701; x_wconf 91' lang='lat' dir='ltr'>eos</span> <span class='ocrx_word' id='word_1_70' title='bbox 997 667 1109 710; x_wconf 86' lang='lat' dir='ltr'>locos,</span> <span class='ocrx_word' id='word_1_71' title='bbox 1137 665 1307 711; x_wconf 84' lang='lat' dir='ltr'>praefixis</span> <span class='ocrx_word' id='word_1_72' title='bbox 1337 665 1523 701; x_wconf 86' lang='lat' dir='ltr'>literarum</span> 
     </span>
     <span class='ocr_line' id='line_1_10' title="bbox 191 724 1523 771; baseline -0.002 -9"><span class='ocrx_word' id='word_1_73' title='bbox 191 727 330 771; x_wconf 84' lang='lat' dir='ltr'>formis,</span> <span class='ocrx_word' id='word_1_74' title='bbox 359 727 453 771; x_wconf 84' lang='lat' dir='ltr'>signi</span> <span class='ocrx_word' id='word_1_75' title='bbox 483 727 575 770; x_wconf 87' lang='lat' dir='ltr'>vice,</span> <span class='ocrx_word' id='word_1_76' title='bbox 600 726 724 761; x_wconf 87' lang='lat' dir='ltr'>lectori</span> <span class='ocrx_word' id='word_1_77' title='bbox 751 725 925 760; x_wconf 84' lang='lat' dir='ltr'>acutioris</span> <span class='ocrx_word' id='word_1_78' title='bbox 951 725 1075 760; x_wconf 88' lang='lat' dir='ltr'>iudicii</span> <span class='ocrx_word' id='word_1_79' title='bbox 1102 724 1340 759; x_wconf 85' lang='lat' dir='ltr'>excutiendos</span> <span class='ocrx_word' id='word_1_80' title='bbox 1371 730 1405 760; x_wconf 93' lang='lat' dir='ltr'>et</span> <span class='ocrx_word' id='word_1_81' title='bbox 1436 736 1523 759; x_wconf 90' lang='lat' dir='ltr'>con-</span> 
     </span>
     <span class='ocr_line' id='line_1_11' title="bbox 193 785 606 830; baseline -0.005 -9"><span class='ocrx_word' id='word_1_82' title='bbox 193 786 333 821; x_wconf 88' lang='lat' dir='ltr'>iectura</span> <span class='ocrx_word' id='word_1_83' title='bbox 351 785 606 830; x_wconf 62' lang='lat' dir='ltr'>colligendos)</span> 
     </span>
    </p>
   </div>
   <div class='ocr_carea' id='block_1_3' title="bbox 193 862 1527 2410">
    <p class='ocr_par' dir='ltr' id='par_1_3' title="bbox 194 862 1525 971">
     <span class='ocr_line' id='line_1_12' title="bbox 194 862 1525 917; baseline -0.003 -12"><span class='ocrx_word' id='word_1_84' title='bbox 194 879 296 917; x_wconf 86' lang='lat' dir='ltr'>quae</span> <span class='ocrx_word' id='word_1_85' title='bbox 316 867 435 904; x_wconf 85' lang='lat' dir='ltr'>verba</span> <span class='ocrx_word' id='word_1_86' title='bbox 465 865 638 904; x_wconf 87' lang='lat' dir='ltr'>indicare</span> <span class='ocrx_word' id='word_1_87' title='bbox 668 872 824 903; x_wconf 87' lang='lat' dir='ltr'>cautam</span> <span class='ocrx_word' id='word_1_88' title='bbox 854 871 892 903; x_wconf 90' lang='lat' dir='ltr'>et</span> <span class='ocrx_word' id='word_1_89' title='bbox 922 863 1151 913; x_wconf 80' lang='lat' dir='ltr'>diligentem</span> <span class='ocrx_word' id='word_1_90' title='bbox 1182 870 1309 902; x_wconf 88' lang='lat' dir='ltr'>textus</span> <span class='ocrx_word' id='word_1_91' title='bbox 1339 862 1525 902; x_wconf 90' lang='lat' dir='ltr'>constitu-</span> 
     </span>
     <span class='ocr_line' id='line_1_13' title="bbox 194 930 769 971; baseline -0.003 -1"><span class='ocrx_word' id='word_1_92' title='bbox 194 931 287 971; x_wconf 89' lang='lat' dir='ltr'>endi</span> <span class='ocrx_word' id='word_1_93' title='bbox 308 931 501 969; x_wconf 89' lang='lat' dir='ltr'>rationem</span> <span class='ocrx_word' id='word_1_94' title='bbox 522 930 769 969; x_wconf 86' lang='lat' dir='ltr'>videbantur.</span> 
     </span>
    </p>

    <p class='ocr_par' dir='ltr' id='par_1_4' title="bbox 193 994 1527 2287">
     <span class='ocr_line' id='line_1_14' title="bbox 247 994 1521 1044; baseline -0.003 -9"><span class='ocrx_word' id='word_1_95' title='bbox 247 997 508 1036; x_wconf 84' lang='lat' dir='ltr'>Cratandrum</span> <span class='ocrx_word' id='word_1_96' title='bbox 528 995 745 1034; x_wconf 83' lang='lat' dir='ltr'>editionem</span> <span class='ocrx_word' id='word_1_97' title='bbox 762 994 1048 1033; x_wconf 87' lang='lat' dir='ltr'>Ascensianam</span> <span class='ocrx_word' id='word_1_98' title='bbox 1065 995 1281 1033; x_wconf 89' lang='lat' dir='ltr'>secundam</span> <span class='ocrx_word' id='word_1_99' title='bbox 1297 1007 1403 1032; x_wconf 86' lang='lat' dir='ltr'>anno</span> <span class='ocrx_word' id='word_1_100' title='bbox 1425 1005 1521 1044; x_wconf 88' lang='lat'>1522</span> 
     </span>
     <span class='ocr_line' id='line_1_15' title="bbox 193 1059 1524 1113; baseline -0.003 -12"><span class='ocrx_word' id='word_1_101' title='bbox 193 1062 294 1113; x_wconf 53' lang='grc' dir='ltr'>(ΑΡ),</span> <span class='ocrx_word' id='word_1_102' title='bbox 313 1075 415 1112; x_wconf 90' lang='lat' dir='ltr'>quae</span> <span class='ocrx_word' id='word_1_103' title='bbox 435 1061 520 1112; x_wconf 87' lang='lat' dir='ltr'>ipsa</span> <span class='ocrx_word' id='word_1_104' title='bbox 540 1061 590 1099; x_wconf 89' lang='lat' dir='ltr'>ab</span> <span class='ocrx_word' id='word_1_105' title='bbox 611 1060 785 1099; x_wconf 88' lang='lat' dir='ltr'>editione</span> <span class='ocrx_word' id='word_1_106' title='bbox 806 1059 932 1110; x_wconf 86' lang='lat' dir='ltr'>prima</span> <span class='ocrx_word' id='word_1_107' title='bbox 958 1073 1083 1110; x_wconf 87' lang='lat' dir='ltr'>eaque</span> <span class='ocrx_word' id='word_1_108' title='bbox 1110 1073 1157 1098; x_wconf 84' lang='lat' dir='ltr'>ex</span> <span class='ocrx_word' id='word_1_109' title='bbox 1183 1059 1425 1098; x_wconf 86' lang='lat' dir='ltr'>editionibus</span> <span class='ocrx_word' id='word_1_110' title='bbox 1448 1061 1524 1098; x_wconf 89' lang='lat' dir='ltr'>Ro-</span> 
     </span>
     <span class='ocr_line' id='line_1_16' title="bbox 194 1124 1523 1178; baseline -0.002 -13"><span class='ocrx_word' id='word_1_111' title='bbox 194 1141 311 1166; x_wconf 81' lang='lat' dir='ltr'>mana</span> <span class='ocrx_word' id='word_1_112' title='bbox 332 1128 449 1177; x_wconf 78' lang='lat' dir='ltr'>(Ram</span> <span class='ocrx_word' id='word_1_113' title='bbox 467 1126 481 1178; x_wconf 85' lang='grc'>&gt;</span> <span class='ocrx_word' id='word_1_114' title='bbox 502 1134 540 1165; x_wconf 90' lang='lat' dir='ltr'>et</span> <span class='ocrx_word' id='word_1_115' title='bbox 558 1125 798 1164; x_wconf 88' lang='lat' dir='ltr'>Iensoniana</span> <span class='ocrx_word' id='word_1_116' title='bbox 819 1124 867 1176; x_wconf 91' lang='lat' dir='ltr'>(I</span> <span class='ocrx_word' id='word_1_117' title='bbox 870 1125 884 1176; x_wconf 83' lang='grc'>&gt;</span> <span class='ocrx_word' id='word_1_118' title='bbox 897 1126 908 1146; x_wconf 88' lang='lat'>¹</span> <span class='ocrx_word' id='word_1_119' title='bbox 929 1139 1030 1175; x_wconf 90' lang='lat' dir='ltr'>quae</span> <span class='ocrx_word' id='word_1_120' title='bbox 1051 1124 1277 1175; x_wconf 86' lang='lat' dir='ltr'>prodierant</span> <span class='ocrx_word' id='word_1_121' title='bbox 1297 1138 1403 1163; x_wconf 88' lang='lat' dir='ltr'>anno</span> <span class='ocrx_word' id='word_1_122' title='bbox 1424 1136 1523 1173; x_wconf 88' lang='lat'>1470</span> 
     </span>
     <span class='ocr_line' id='line_1_17' title="bbox 193 1189 1523 1244; baseline -0.003 -13"><span class='ocrx_word' id='word_1_123' title='bbox 193 1193 384 1244; x_wconf 83' lang='lat' dir='ltr'>originem</span> <span class='ocrx_word' id='word_1_124' title='bbox 402 1191 521 1238; x_wconf 85' lang='lat' dir='ltr'>duxit,</span> <span class='ocrx_word' id='word_1_125' title='bbox 541 1199 583 1230; x_wconf 92' lang='lat' dir='ltr'>ut</span> <span class='ocrx_word' id='word_1_126' title='bbox 600 1192 903 1229; x_wconf 87' lang='lat' dir='ltr'>fundamentum</span> <span class='ocrx_word' id='word_1_127' title='bbox 925 1189 1164 1229; x_wconf 87' lang='lat' dir='ltr'>recensionis</span> <span class='ocrx_word' id='word_1_128' title='bbox 1181 1203 1273 1228; x_wconf 84' lang='lat' dir='ltr'>suae</span> <span class='ocrx_word' id='word_1_129' title='bbox 1296 1190 1433 1239; x_wconf 88' lang='lat'>(1528)</span> <span class='ocrx_word' id='word_1_130' title='bbox 1450 1189 1523 1228; x_wconf 85' lang='lat' dir='ltr'>sibi</span> 
     </span>
     <span class='ocr_line' id='line_1_18' title="bbox 194 1254 1523 1309; baseline -0.004 -12"><span class='ocrx_word' id='word_1_131' title='bbox 194 1258 408 1309; x_wconf 82' lang='lat' dir='ltr'>sumpsisse</span> <span class='ocrx_word' id='word_1_132' title='bbox 438 1264 615 1295; x_wconf 89' lang='lat' dir='ltr'>constat:</span> <span class='ocrx_word' id='word_1_133' title='bbox 655 1258 725 1295; x_wconf 91' lang='lat' dir='ltr'>sed</span> <span class='ocrx_word' id='word_1_134' title='bbox 755 1257 898 1294; x_wconf 88' lang='lat' dir='ltr'>multas</span> <span class='ocrx_word' id='word_1_135' title='bbox 928 1255 1117 1294; x_wconf 86' lang='lat' dir='ltr'>lectiones</span> <span class='ocrx_word' id='word_1_136' title='bbox 1153 1269 1274 1294; x_wconf 86' lang='lat' dir='ltr'>novas</span> <span class='ocrx_word' id='word_1_137' title='bbox 1304 1254 1344 1293; x_wconf 90' lang='lat' dir='ltr'>in</span> <span class='ocrx_word' id='word_1_138' title='bbox 1374 1262 1523 1293; x_wconf 84' lang='lat' dir='ltr'>textum</span> 
     </span>
     <span class='ocr_line' id='line_1_19' title="bbox 194 1319 1527 1374; baseline -0.002 -12"><span class='ocrx_word' id='word_1_139' title='bbox 194 1337 309 1362; x_wconf 92' lang='lat' dir='ltr'>suum</span> <span class='ocrx_word' id='word_1_140' title='bbox 327 1322 479 1374; x_wconf 78' lang='lat' dir='ltr'>(Crat.)</span> <span class='ocrx_word' id='word_1_141' title='bbox 493 1322 641 1372; x_wconf 89' lang='lat' dir='ltr'>primus</span> <span class='ocrx_word' id='word_1_142' title='bbox 659 1321 790 1359; x_wconf 89' lang='lat' dir='ltr'>intulit</span> <span class='ocrx_word' id='word_1_143' title='bbox 812 1329 850 1360; x_wconf 91' lang='lat' dir='ltr'>et</span> <span class='ocrx_word' id='word_1_144' title='bbox 871 1323 1013 1359; x_wconf 87' lang='lat' dir='ltr'>multas</span> <span class='ocrx_word' id='word_1_145' title='bbox 1033 1320 1128 1358; x_wconf 87' lang='lat' dir='ltr'>alias</span> <span class='ocrx_word' id='word_1_146' title='bbox 1148 1321 1199 1359; x_wconf 87' lang='lat' dir='ltr'>ad</span> <span class='ocrx_word' id='word_1_147' title='bbox 1221 1320 1436 1370; x_wconf 85' lang='lat' dir='ltr'>marginem</span> <span class='ocrx_word' id='word_1_148' title='bbox 1454 1319 1527 1371; x_wconf 87' lang='lat' dir='ltr'>(C)</span> 
     </span>
     <span class='ocr_line' id='line_1_20' title="bbox 194 1385 1524 1439; baseline -0.003 -12"><span class='ocrx_word' id='word_1_149' title='bbox 194 1388 412 1439; x_wconf 86' lang='lat' dir='ltr'>adscripsit.</span> <span class='ocrx_word' id='word_1_150' title='bbox 460 1389 622 1436; x_wconf 86' lang='lat' dir='ltr'>Quanto</span> <span class='ocrx_word' id='word_1_151' title='bbox 643 1386 769 1437; x_wconf 87' lang='lat' dir='ltr'>pretio</span> <span class='ocrx_word' id='word_1_152' title='bbox 794 1388 903 1425; x_wconf 77' lang='lat' dir='ltr'>Crat.</span> <span class='ocrx_word' id='word_1_153' title='bbox 925 1393 964 1424; x_wconf 93' lang='lat' dir='ltr'>et</span> <span class='ocrx_word' id='word_1_154' title='bbox 989 1387 1025 1425; x_wconf 85' lang='lat' dir='ltr'><em>C</em></span> <span class='ocrx_word' id='word_1_155' title='bbox 1040 1385 1118 1424; x_wconf 89' lang='lat' dir='ltr'>sint</span> <span class='ocrx_word' id='word_1_156' title='bbox 1144 1385 1391 1424; x_wconf 79' lang='lat' dir='ltr'>aestimanda</span> <span class='ocrx_word' id='word_1_157' title='bbox 1410 1386 1524 1423; x_wconf 88' lang='lat' dir='ltr'>valde</span> 
     </span>
     <span class='ocr_line' id='line_1_21' title="bbox 194 1441 1524 1504; baseline -0.003 -11"><span class='ocrx_word' id='word_1_158' title='bbox 194 1454 447 1504; x_wconf 85' lang='lat' dir='ltr'>disceptatur.</span> <span class='ocrx_word' id='word_1_159' title='bbox 522 1454 625 1492; x_wconf 90' lang='lat' dir='ltr'>Cum</span> <span class='ocrx_word' id='word_1_160' title='bbox 665 1453 885 1492; x_wconf 87' lang='lat' dir='ltr'>Cratander</span> <span class='ocrx_word' id='word_1_161' title='bbox 923 1451 1100 1502; x_wconf 89' lang='lat' dir='ltr'>pluribus</span> <span class='ocrx_word' id='word_1_162' title='bbox 1146 1441 1369 1489; x_wconf 45' lang='lat' dir='ltr'>codicibus*</span> <span class='ocrx_word' id='word_1_163' title='bbox 1398 1450 1524 1501; x_wconf 88' lang='lat' dir='ltr'>iisque</span> 
     </span>
     <span class='ocr_line' id='line_1_22' title="bbox 198 1515 1524 1569; baseline -0.003 -12"><span class='ocrx_word' id='word_1_164' title='bbox 198 1533 279 1557; x_wconf 86' lang='lat' dir='ltr'>non</span> <span class='ocrx_word' id='word_1_165' title='bbox 310 1518 458 1569; x_wconf 83' lang='lat' dir='ltr'>vulgari</span> <span class='ocrx_word' id='word_1_166' title='bbox 487 1517 803 1568; x_wconf 90' lang='lat' dir='ltr'>peregrinatione</span> <span class='ocrx_word' id='word_1_167' title='bbox 833 1516 1065 1567; x_wconf 86' lang='lat' dir='ltr'>conquisitis</span> <span class='ocrx_word' id='word_1_168' title='bbox 1094 1515 1155 1566; x_wconf 90' lang='lat' dir='ltr'>(ut</span> <span class='ocrx_word' id='word_1_169' title='bbox 1184 1515 1267 1566; x_wconf 87' lang='lat' dir='ltr'>ipse</span> <span class='ocrx_word' id='word_1_170' title='bbox 1297 1515 1412 1567; x_wconf 82' lang='lat' dir='ltr'>dixit)</span> <span class='ocrx_word' id='word_1_171' title='bbox 1431 1529 1524 1554; x_wconf 88' lang='lat' dir='ltr'>usus</span> 
     </span>
     <span class='ocr_line' id='line_1_23' title="bbox 193 1580 1524 1632; baseline -0.003 -10"><span class='ocrx_word' id='word_1_172' title='bbox 193 1584 241 1622; x_wconf 87' lang='lat' dir='ltr'>sit</span> <span class='ocrx_word' id='word_1_173' title='bbox 272 1591 310 1622; x_wconf 90' lang='lat' dir='ltr'>et</span> <span class='ocrx_word' id='word_1_174' title='bbox 339 1597 425 1622; x_wconf 84' lang='lat' dir='ltr'>raro</span> <span class='ocrx_word' id='word_1_175' title='bbox 446 1583 672 1622; x_wconf 87' lang='lat' dir='ltr'>coniectura</span> <span class='ocrx_word' id='word_1_176' title='bbox 692 1581 870 1632; x_wconf 86' lang='lat' dir='ltr'>augurari</span> <span class='ocrx_word' id='word_1_177' title='bbox 890 1581 1061 1620; x_wconf 87' lang='lat' dir='ltr'>voluisse</span> <span class='ocrx_word' id='word_1_178' title='bbox 1081 1580 1272 1628; x_wconf 82' lang='lat' dir='ltr'>videatur,</span> <span class='ocrx_word' id='word_1_179' title='bbox 1292 1580 1410 1619; x_wconf 87' lang='lat' dir='ltr'>etiam</span> <span class='ocrx_word' id='word_1_180' title='bbox 1432 1580 1462 1619; x_wconf 85' lang='lat' dir='ltr'>si</span> <span class='ocrx_word' id='word_1_181' title='bbox 1483 1594 1524 1619; x_wconf 92' lang='lat' dir='ltr'>se</span> 
     </span>
     <span class='ocr_line' id='line_1_24' title="bbox 195 1645 1523 1697; baseline -0.004 -9"><span class='ocrx_word' id='word_1_182' title='bbox 195 1651 359 1688; x_wconf 88' lang='lat' dir='ltr'>mendas</span> <span class='ocrx_word' id='word_1_183' title='bbox 396 1650 538 1687; x_wconf 88' lang='lat' dir='ltr'>multas</span> <span class='ocrx_word' id='word_1_184' title='bbox 568 1647 789 1686; x_wconf 88' lang='lat' dir='ltr'>editionum</span> <span class='ocrx_word' id='word_1_185' title='bbox 820 1647 992 1697; x_wconf 89' lang='lat' dir='ltr'>priorum</span> <span class='ocrx_word' id='word_1_186' title='bbox 1028 1646 1231 1684; x_wconf 88' lang='lat' dir='ltr'>sustulisse</span> <span class='ocrx_word' id='word_1_187' title='bbox 1265 1647 1418 1694; x_wconf 83' lang='lat' dir='ltr'>fatetur,</span> <span class='ocrx_word' id='word_1_188' title='bbox 1445 1645 1523 1685; x_wconf 90' lang='lat' dir='ltr'>veri</span> 
     </span>
     <span class='ocr_line' id='line_1_25' title="bbox 194 1711 1523 1763; baseline -0.003 -10"><span class='ocrx_word' id='word_1_189' title='bbox 194 1715 320 1753; x_wconf 86' lang='lat' dir='ltr'>simile</span> <span class='ocrx_word' id='word_1_190' title='bbox 341 1728 427 1753; x_wconf 85' lang='lat' dir='ltr'>esse</span> <span class='ocrx_word' id='word_1_191' title='bbox 447 1713 600 1752; x_wconf 87' lang='lat' dir='ltr'>videtur</span> <span class='ocrx_word' id='word_1_192' title='bbox 625 1715 732 1752; x_wconf 72' lang='lat' dir='ltr'>Crat.</span> <span class='ocrx_word' id='word_1_193' title='bbox 752 1720 790 1751; x_wconf 93' lang='lat' dir='ltr'>et</span> <span class='ocrx_word' id='word_1_194' title='bbox 815 1714 850 1751; x_wconf 89' lang='lat' dir='ltr'><em>C</em></span> <span class='ocrx_word' id='word_1_195' title='bbox 866 1711 958 1763; x_wconf 78' lang='lat' dir='ltr'>&lt;nisi</span> <span class='ocrx_word' id='word_1_196' title='bbox 979 1711 1222 1761; x_wconf 88' lang='lat' dir='ltr'>ubicumque</span> <span class='ocrx_word' id='word_1_197' title='bbox 1243 1724 1347 1750; x_wconf 91' lang='lat' dir='ltr'>error</span> <span class='ocrx_word' id='word_1_198' title='bbox 1367 1718 1523 1761; x_wconf 88' lang='lat' dir='ltr'>apertus</span> 
     </span>
     <span class='ocr_line' id='line_1_26' title="bbox 195 1776 1524 1828; baseline -0.003 -10"><span class='ocrx_word' id='word_1_199' title='bbox 195 1780 298 1818; x_wconf 82' lang='lat' dir='ltr'>facili</span> <span class='ocrx_word' id='word_1_200' title='bbox 329 1793 402 1818; x_wconf 91' lang='lat' dir='ltr'>nec</span> <span class='ocrx_word' id='word_1_201' title='bbox 432 1779 580 1817; x_wconf 89' lang='lat' dir='ltr'>incerta</span> <span class='ocrx_word' id='word_1_202' title='bbox 609 1778 828 1816; x_wconf 85' lang='lat' dir='ltr'>mutatione</span> <span class='ocrx_word' id='word_1_203' title='bbox 858 1776 995 1827; x_wconf 83' lang='lat' dir='ltr'>corrigi</span> <span class='ocrx_word' id='word_1_204' title='bbox 1025 1776 1195 1828; x_wconf 88' lang='lat' dir='ltr'>poterat)</span> <span class='ocrx_word' id='word_1_205' title='bbox 1226 1778 1458 1826; x_wconf 86' lang='lat' dir='ltr'>plerumque</span> <span class='ocrx_word' id='word_1_206' title='bbox 1479 1790 1524 1814; x_wconf 76' lang='lat' dir='ltr'>ex</span> 
     </span>
     <span class='ocr_line' id='line_1_27' title="bbox 194 1840 1524 1894; baseline -0.004 -11"><span class='ocrx_word' id='word_1_207' title='bbox 194 1844 400 1883; x_wconf 84' lang='lat' dir='ltr'>codicibus</span> <span class='ocrx_word' id='word_1_208' title='bbox 425 1845 609 1894; x_wconf 91' lang='lat' dir='ltr'>pendere.</span> <span class='ocrx_word' id='word_1_209' title='bbox 670 1844 720 1881; x_wconf 86' lang='lat' dir='ltr'>Et</span> <span class='ocrx_word' id='word_1_210' title='bbox 742 1842 887 1881; x_wconf 87' lang='lat' dir='ltr'>Gurlitt</span> <span class='ocrx_word' id='word_1_211' title='bbox 908 1855 1018 1892; x_wconf 88' lang='lat' dir='ltr'>spem</span> <span class='ocrx_word' id='word_1_212' title='bbox 1046 1841 1219 1880; x_wconf 89' lang='lat' dir='ltr'>ostendit</span> <span class='ocrx_word' id='word_1_213' title='bbox 1241 1840 1322 1879; x_wconf 85' lang='lat' dir='ltr'>fieri</span> <span class='ocrx_word' id='word_1_214' title='bbox 1343 1854 1458 1891; x_wconf 89' lang='lat' dir='ltr'>posse</span> <span class='ocrx_word' id='word_1_215' title='bbox 1483 1848 1524 1879; x_wconf 88' lang='lat' dir='ltr'>ut</span> 
     </span>
     <span class='ocr_line' id='line_1_28' title="bbox 194 1906 1523 1949; baseline -0.004 0"><span class='ocrx_word' id='word_1_216' title='bbox 194 1911 533 1949; x_wconf 86' lang='lat' dir='ltr'>demonstraturus</span> <span class='ocrx_word' id='word_1_217' title='bbox 582 1908 629 1947; x_wconf 90' lang='lat' dir='ltr'>sit</span> <span class='ocrx_word' id='word_1_218' title='bbox 679 1909 941 1948; x_wconf 83' lang='lat' dir='ltr'>Cratandrum</span> <span class='ocrx_word' id='word_1_219' title='bbox 983 1909 1038 1945; x_wconf 81' lang='grc' dir='ltr'>Α2</span> <span class='ocrx_word' id='word_1_220' title='bbox 1076 1908 1296 1946; x_wconf 87' lang='lat' dir='ltr'>secundum</span> <span class='ocrx_word' id='word_1_221' title='bbox 1344 1906 1523 1945; x_wconf 86' lang='lat' dir='ltr'>codicem</span> 
     </span>
     <span class='ocr_line' id='line_1_29' title="bbox 195 1972 1524 2024; baseline -0.003 -11"><span class='ocrx_word' id='word_1_222' title='bbox 195 1974 581 2013; x_wconf 83' lang='lat' dir='ltr'>Laurisheimensem</span> <span class='ocrx_word' id='word_1_223' title='bbox 612 1973 819 2024; x_wconf 89' lang='lat' dir='ltr'>diligenter</span> <span class='ocrx_word' id='word_1_224' title='bbox 848 1972 1060 2012; x_wconf 85' lang='lat' dir='ltr'>correxisse</span> <span class='ocrx_word' id='word_1_225' title='bbox 1090 1979 1128 2011; x_wconf 88' lang='lat' dir='ltr'>et</span> <span class='ocrx_word' id='word_1_226' title='bbox 1154 1973 1261 2012; x_wconf 72' lang='lat' dir='ltr'>Crat.</span> <span class='ocrx_word' id='word_1_227' title='bbox 1284 1984 1416 2010; x_wconf 81' lang='lat' dir='ltr'>veram</span> <span class='ocrx_word' id='word_1_228' title='bbox 1438 1984 1524 2010; x_wconf 88' lang='lat' dir='ltr'>esse</span> 
     </span>
     <span class='ocr_line' id='line_1_30' title="bbox 194 2036 1524 2091; baseline -0.004 -12"><span class='ocrx_word' id='word_1_229' title='bbox 194 2040 406 2091; x_wconf 82' lang='lat' dir='ltr'>imaginem</span> <span class='ocrx_word' id='word_1_230' title='bbox 436 2039 586 2079; x_wconf 85' lang='lat' dir='ltr'>codicis</span> <span class='ocrx_word' id='word_1_231' title='bbox 619 2038 972 2079; x_wconf 85' lang='lat' dir='ltr'>Laurisheimensis</span> <span class='ocrx_word' id='word_1_232' title='bbox 994 2037 1156 2087; x_wconf 84' lang='lat' dir='ltr'>(saeculi</span> <span class='ocrx_word' id='word_1_233' title='bbox 1178 2051 1201 2075; x_wconf 86' lang='lat' dir='ltr'>x</span> <span class='ocrx_word' id='word_1_234' title='bbox 1220 2038 1281 2075; x_wconf 87' lang='lat' dir='ltr'>vel</span> <span class='ocrx_word' id='word_1_235' title='bbox 1310 2036 1363 2086; x_wconf 81' lang='lat' dir='ltr'>xi&gt;</span> <span class='ocrx_word' id='word_1_236' title='bbox 1385 2044 1464 2074; x_wconf 89' lang='lat' dir='ltr'>tam</span> <span class='ocrx_word' id='word_1_237' title='bbox 1486 2036 1524 2074; x_wconf 86' lang='lat' dir='ltr'>in</span> 
     </span>
     <span class='ocr_line' id='line_1_31' title="bbox 196 2101 1525 2159; baseline -0.005 -13"><span class='ocrx_word' id='word_1_238' title='bbox 196 2108 299 2159; x_wconf 83' lang='lat' dir='ltr'>Epp.</span> <span class='ocrx_word' id='word_1_239' title='bbox 320 2107 371 2145; x_wconf 90' lang='lat' dir='ltr'>ad</span> <span class='ocrx_word' id='word_1_240' title='bbox 400 2107 506 2146; x_wconf 78' lang='lat' dir='ltr'>Fam.</span> <span class='ocrx_word' id='word_1_241' title='bbox 531 2104 669 2152; x_wconf 83' lang='lat' dir='ltr'>xi-xvi‚</span> <span class='ocrx_word' id='word_1_242' title='bbox 701 2105 751 2144; x_wconf 85' lang='lat' dir='ltr'>ad</span> <span class='ocrx_word' id='word_1_243' title='bbox 783 2105 831 2154; x_wconf 83' lang='lat' dir='ltr'>Q.</span> <span class='ocrx_word' id='word_1_244' title='bbox 863 2105 934 2150; x_wconf 68' lang='lat' dir='ltr'>Fr„</span> <span class='ocrx_word' id='word_1_245' title='bbox 963 2110 1001 2142; x_wconf 91' lang='lat' dir='ltr'>et</span> <span class='ocrx_word' id='word_1_246' title='bbox 1027 2104 1078 2142; x_wconf 89' lang='lat' dir='ltr'>ad</span> <span class='ocrx_word' id='word_1_247' title='bbox 1105 2104 1185 2141; x_wconf 90' lang='lat' dir='ltr'>Att.</span> <span class='ocrx_word' id='word_1_248' title='bbox 1214 2115 1345 2152; x_wconf 86' lang='lat' dir='ltr'>quam,</span> <span class='ocrx_word' id='word_1_249' title='bbox 1378 2109 1419 2140; x_wconf 91' lang='lat' dir='ltr'>ut</span> <span class='ocrx_word' id='word_1_250' title='bbox 1449 2101 1525 2139; x_wconf 86' lang='lat' dir='ltr'>iam</span> 
     </span>
     <span class='ocr_line' id='line_1_32' title="bbox 195 2166 1526 2221; baseline -0.004 -11"><span class='ocrx_word' id='word_1_251' title='bbox 195 2171 347 2221; x_wconf 83' lang='lat' dir='ltr'>egregie</span> <span class='ocrx_word' id='word_1_252' title='bbox 364 2172 563 2217; x_wconf 77' lang='lat' dir='ltr'>docuerat,</span> <span class='ocrx_word' id='word_1_253' title='bbox 583 2170 620 2209; x_wconf 84' lang='lat' dir='ltr'>in</span> <span class='ocrx_word' id='word_1_254' title='bbox 638 2171 738 2220; x_wconf 88' lang='lat' dir='ltr'>Epp.</span> <span class='ocrx_word' id='word_1_255' title='bbox 751 2170 802 2209; x_wconf 86' lang='lat' dir='ltr'>ad</span> <span class='ocrx_word' id='word_1_256' title='bbox 820 2171 986 2208; x_wconf 87' lang='lat' dir='ltr'>Brutum</span> <span class='ocrx_word' id='word_1_257' title='bbox 998 2169 1023 2206; x_wconf 73' lang='lat'>².</span> <span class='ocrx_word' id='word_1_258' title='bbox 1065 2170 1157 2207; x_wconf 89' lang='lat' dir='ltr'>Hoc</span> <span class='ocrx_word' id='word_1_259' title='bbox 1175 2180 1362 2217; x_wconf 87' lang='lat' dir='ltr'>magnum</span> <span class='ocrx_word' id='word_1_260' title='bbox 1380 2180 1479 2217; x_wconf 89' lang='lat' dir='ltr'>opus</span> <span class='ocrx_word' id='word_1_261' title='bbox 1496 2166 1526 2205; x_wconf 91' lang='lat' dir='ltr'>si</span> 
     </span>
     <span class='ocr_line' id='line_1_33' title="bbox 195 2233 1526 2287; baseline -0.005 -10"><span class='ocrx_word' id='word_1_262' title='bbox 195 2237 251 2277; x_wconf 74' lang='lat' dir='ltr'>vir</span> <span class='ocrx_word' id='word_1_263' title='bbox 273 2235 524 2276; x_wconf 83' lang='lat' dir='ltr'>doctissimus</span> <span class='ocrx_word' id='word_1_264' title='bbox 540 2234 745 2287; x_wconf 82' lang='lat' dir='ltr'>perfecerit</span> <span class='ocrx_word' id='word_1_265' title='bbox 762 2233 888 2286; x_wconf 89' lang='lat' dir='ltr'>(quod</span> <span class='ocrx_word' id='word_1_266' title='bbox 910 2242 952 2273; x_wconf 92' lang='lat' dir='ltr'>ut</span> <span class='ocrx_word' id='word_1_267' title='bbox 973 2233 1148 2286; x_wconf 82' lang='lat' dir='ltr'>perficiat</span> <span class='ocrx_word' id='word_1_268' title='bbox 1165 2246 1309 2282; x_wconf 76' lang='lat' dir='ltr'>magno</span> <span class='ocrx_word' id='word_1_269' title='bbox 1330 2245 1448 2282; x_wconf 90' lang='lat' dir='ltr'>opere</span> <span class='ocrx_word' id='word_1_270' title='bbox 1469 2240 1526 2270; x_wconf 89' lang='lat' dir='ltr'>est</span> 
     </span>
    </p>

    <p class='ocr_par' dir='ltr' id='par_1_5' title="bbox 195 2323 1524 2410">
     <span class='ocr_line' id='line_1_34' title="bbox 239 2323 1524 2367; baseline -0.002 -9"><span class='ocrx_word' id='word_1_271' title='bbox 239 2327 246 2345; x_wconf 78' lang='lat'>¹</span> <span class='ocrx_word' id='word_1_272' title='bbox 278 2327 373 2358; x_wconf 82' lang='lat' dir='ltr'>Haec</span> <span class='ocrx_word' id='word_1_273' title='bbox 388 2328 489 2359; x_wconf 87' lang='lat' dir='ltr'>editio</span> <span class='ocrx_word' id='word_1_274' title='bbox 507 2338 525 2358; x_wconf 92' lang='lat' dir='ltr'>e</span> <span class='ocrx_word' id='word_1_275' title='bbox 544 2327 659 2358; x_wconf 87' lang='lat' dir='ltr'>codice</span> <span class='ocrx_word' id='word_1_276' title='bbox 676 2327 730 2366; x_wconf 89' lang='lat' dir='ltr'>qui</span> <span class='ocrx_word' id='word_1_277' title='bbox 749 2327 790 2357; x_wconf 84' lang='lat' dir='ltr'>ab</span> <span class='ocrx_word' id='word_1_278' title='bbox 805 2326 845 2358; x_wconf 93' lang='lat' dir='ltr'><em>M</em></span> <span class='ocrx_word' id='word_1_279' title='bbox 859 2337 925 2357; x_wconf 89' lang='lat' dir='ltr'>non</span> <span class='ocrx_word' id='word_1_280' title='bbox 941 2326 1108 2367; x_wconf 86' lang='lat' dir='ltr'>pendebat</span> <span class='ocrx_word' id='word_1_281' title='bbox 1125 2324 1279 2357; x_wconf 82' lang='lat' dir='ltr'>confecta</span> <span class='ocrx_word' id='word_1_282' title='bbox 1297 2328 1348 2355; x_wconf 84' lang='lat' dir='ltr'>est</span> <span class='ocrx_word' id='word_1_283' title='bbox 1365 2335 1372 2354; x_wconf 71' lang='grc' dir='ltr'>ε</span> <span class='ocrx_word' id='word_1_284' title='bbox 1395 2323 1437 2354; x_wconf 85' lang='lat' dir='ltr'>cs.</span> <span class='ocrx_word' id='word_1_285' title='bbox 1449 2324 1524 2355; x_wconf 89' lang='lat' dir='ltr'>adn.</span> 
     </span>
     <span class='ocr_line' id='line_1_35' title="bbox 195 2372 850 2410; baseline -0.005 -7"><span class='ocrx_word' id='word_1_286' title='bbox 195 2372 236 2403; x_wconf 83' lang='lat' dir='ltr'>ad</span> <span class='ocrx_word' id='word_1_287' title='bbox 254 2372 324 2402; x_wconf 78' lang='lat' dir='ltr'>xiii.</span> <span class='ocrx_word' id='word_1_288' title='bbox 343 2381 394 2409; x_wconf 84' lang='lat'>25.</span> <span class='ocrx_word' id='word_1_289' title='bbox 413 2381 454 2409; x_wconf 86' lang='lat'>3;</span> <span class='ocrx_word' id='word_1_290' title='bbox 479 2372 545 2401; x_wconf 85' lang='lat' dir='ltr'>xvi.</span> <span class='ocrx_word' id='word_1_291' title='bbox 568 2381 614 2402; x_wconf 90' lang='lat'>10.</span> <span class='ocrx_word' id='word_1_292' title='bbox 636 2381 665 2410; x_wconf 81' lang='lat'>2,</span> <span class='ocrx_word' id='word_1_293' title='bbox 686 2376 719 2403; x_wconf 82' lang='lat' dir='ltr'>ct</span> <span class='ocrx_word' id='word_1_294' title='bbox 737 2381 850 2410; x_wconf 85' lang='lat' dir='ltr'>saepe.</span> 
     </span>
    </p>
   </div>
   <div class='ocr_carea' id='block_1_4' title="bbox 195 2409 1526 2499">
    <p class='ocr_par' dir='ltr' id='par_1_6' title="bbox 195 2409 1526 2499">
     <span class='ocr_line' id='line_1_36' title="bbox 237 2409 1526 2453; baseline -0.003 -8"><span class='ocrx_word' id='word_1_295' title='bbox 237 2416 248 2431; x_wconf 80' lang='lat'><strong>²</strong></span> <span class='ocrx_word' id='word_1_296' title='bbox 273 2414 591 2453; x_wconf 59' lang='lat' dir='ltr'>Hatzzlsclzr4211&#39;tl1&#39;clzes</span> <span class='ocrx_word' id='word_1_297' title='bbox 623 2414 696 2445; x_wconf 84' lang='lat' dir='ltr'>und</span> <span class='ocrx_word' id='word_1_298' title='bbox 731 2414 972 2444; x_wconf 62' lang='lat' dir='ltr'>Tavtkrilisclzes</span> <span class='ocrx_word' id='word_1_299' title='bbox 996 2424 1039 2444; x_wconf 76' lang='lat' dir='ltr'>zu</span> <span class='ocrx_word' id='word_1_300' title='bbox 1069 2412 1189 2444; x_wconf 81' lang='lat' dir='ltr'>Ciceros</span> <span class='ocrx_word' id='word_1_301' title='bbox 1212 2410 1382 2452; x_wconf 78' lang='lat' dir='ltr'>Epistulae</span> <span class='ocrx_word' id='word_1_302' title='bbox 1408 2409 1455 2441; x_wconf 82' lang='lat' dir='ltr'>ad</span> <span class='ocrx_word' id='word_1_303' title='bbox 1479 2409 1526 2441; x_wconf 93' lang='lat' dir='ltr'>M.</span> 
     </span>
     <span class='ocr_line' id='line_1_37' title="bbox 195 2455 1485 2499; baseline -0.003 -10"><span class='ocrx_word' id='word_1_304' title='bbox 195 2459 342 2489; x_wconf 68' lang='lat' dir='ltr'>Brutum</span> <span class='ocrx_word' id='word_1_305' title='bbox 360 2459 391 2488; x_wconf 90' lang='lat' dir='ltr'>in</span> <span class='ocrx_word' id='word_1_306' title='bbox 414 2458 661 2499; x_wconf 72' lang='lat' dir='ltr'>‘Philologus,&#39;</span> <span class='ocrx_word' id='word_1_307' title='bbox 683 2459 776 2498; x_wconf 82' lang='lat'>1896,</span> <span class='ocrx_word' id='word_1_308' title='bbox 797 2468 850 2498; x_wconf 90' lang='lat' dir='ltr'>pp.</span> <span class='ocrx_word' id='word_1_309' title='bbox 870 2459 1031 2498; x_wconf 77' lang='lat'>318-340‚</span> <span class='ocrx_word' id='word_1_310' title='bbox 1050 2456 1231 2498; x_wconf 86' lang='lat' dir='ltr'>praecipue</span> <span class='ocrx_word' id='word_1_311' title='bbox 1249 2465 1303 2495; x_wconf 87' lang='lat' dir='ltr'>pp.</span> <span class='ocrx_word' id='word_1_312' title='bbox 1322 2455 1396 2494; x_wconf 83' lang='lat'><strong>328,</strong></span> <span class='ocrx_word' id='word_1_313' title='bbox 1413 2464 1485 2493; x_wconf 87' lang='lat'><strong>329.</strong></span> 
     </span>
    </p>
   </div>
  </div>
 </body>
</html>
