1790 2837
91 125 144 163 ΙΙ.
164 135 226 162 xv
555 125 611 163 M.
643 125 811 163 TVLLI
842 123 1149 165 CICERONIS

182 233 394 284 publicae?
451 233 650 272 Nimirum
672 233 712 272 in
735 233 878 273 Publio
899 247 988 284 spes
1008 242 1077 274 est.
1129 230 1225 283 Fiat,
1249 236 1316 274 fiat
1336 234 1515 274 tribunus

182 300 247 348 pl„
270 298 301 336 si
323 298 419 336 nihil
439 298 546 337 aliud
567 306 610 337 ut
631 312 679 337 eo
700 298 813 337 citius
835 307 877 337 tu
898 313 945 338 ex
967 299 1088 350 Epiro
1108 308 1298 339 revertare
1315 315 1323 347 ;
1352 314 1442 338 nam
1474 306 1517 338 ut

181 362 248 401 illo
278 370 320 400 tu
348 376 479 418 careas
508 377 590 402 non
618 363 736 402 video
770 377 886 414 posse
916 363 1012 412 fieri,
1043 365 1268 414 praesertim
1298 365 1328 403 si
1358 378 1516 403 mecum

180 427 330 477 aliquid
359 429 463 466 volet
495 427 706 478 disputare.
767 429 846 467 Sed
877 428 918 467 id
948 428 1110 478 quidem
1143 443 1223 467 non
1258 428 1425 468 dubium
1457 435 1515 467 est

180 491 277 542 quin
298 491 329 530 si
350 491 445 542 quid
467 492 538 530 erit
558 492 641 530 eius
669 492 779 531 modi
807 492 858 531 sis
884 494 1147 532 advolaturus.
1206 495 1355 532 Verum
1375 502 1418 532 ut
1438 495 1515 533 hoc
1535 505 1552 537 5

180 570 262 595 non
293 556 351 604 sit,
386 565 530 604 tamen,
568 557 649 596 sive
683 565 768 596 ruet
798 559 876 597 sive
908 565 1015 608 geret
1046 572 1127 596 rem
1162 558 1373 608 publicam,
1409 572 1515 608 prae-

180 623 328 660 clarum
369 623 638 672 spectaculum
677 622 775 660 mihi
813 636 1005 673 propono,
1048 624 1171 662 modo
1209 630 1248 662 te
1285 636 1514 662 consessore

181 695 356 738 spectare
385 687 510 726 liceat.

136 759 161 797 3
236 753 340 792 Cum
370 754 467 791 haec
492 752 661 792 maxime
691 752 912 800 scriberem,
936 766 1029 791 ecce
1049 751 1120 791 tibi
1148 753 1348 791 Sebosus!
1405 753 1515 791 Non-

180 817 277 856 dum
308 819 424 868 plane
455 817 734 867 ingemueram,
774 819 927 856 ‘salve'
961 817 1090 868 inquit
1123 817 1268 856 Arrius.
1330 819 1423 856 Hoc
1454 825 1513 856 est
1535 829 1573 852 10

180 883 312 920 Roma
343 883 558 921 decedere!
629 884 740 932 Quos
772 896 845 933 ego
876 882 1059 922 homines
1090 882 1208 933 effugi
1239 896 1330 922 cum
1365 882 1405 921 in
1439 884 1512 922 hos

179 946 301 986 incidi
321 951 326 985 ἕ
384 950 470 997 Ego
490 961 582 986 vero
896 951 899 955 '

319 1014 392 1051 ‘In
423 1012 569 1051 montis
600 1012 746 1063 patrios
776 1019 816 1052 et
844 1013 896 1052 ad
925 1011 1167 1051 incunabula
1195 1014 1349 1051 nostra’

178 1091 349 1129 pergam.
410 1077 595 1128 Denique
616 1078 647 1116 si
669 1080 775 1117 solus
796 1092 876 1117 non
898 1086 1075 1128 potuerO,
1093 1092 1184 1116 cum
1206 1078 1358 1117 rusticis
1380 1077 1511 1128 potius

178 1156 297 1193 quam
328 1156 419 1181 cum
449 1142 509 1181 his
539 1143 778 1193 perurbanis,
808 1142 862 1181 ita
886 1151 1018 1181 tamen
1048 1150 1101 1191 ut,
1125 1143 1314 1193 quoniam
1344 1150 1385 1181 tu
1415 1142 1510 1181 certi
1533 1155 1570 1187 15

178 1208 275 1246 nihil
296 1207 443 1255 scribis,
466 1208 506 1246 in
528 1208 738 1247 Formiano
759 1208 830 1247 tibi
850 1209 1064 1258 praestoler
1087 1222 1212 1259 usque
1231 1209 1283 1247 ad
1304 1221 1350 1246 111
1373 1209 1511 1247 Nonas

180 1273 317 1312 Maias.

131 1346 158 1384 4
231 1339 440 1377 Terentiae
466 1346 644 1389 pergrata
663 1346 722 1377 est
741 1338 959 1377 adsiduitas
983 1346 1050 1378 tua
1076 1346 1114 1378 et
1138 1339 1340 1389 diligentia
1359 1338 1399 1377 in
1420 1352 1512 1377 con-

176 1403 362 1442 troversia
384 1403 599 1442 Mulviana.
660 1403 798 1442 Nescit
818 1403 984 1442 omnino
1010 1411 1049 1442 te
1073 1418 1328 1442 communem
1350 1417 1509 1442 causam

176 1470 389 1507 defendere
410 1482 544 1507 eorum
567 1469 634 1518 qui
654 1482 766 1519 agros
787 1469 968 1519 publicos
992 1469 1221 1520 possideant
1236 1484 1246 1518 3
1276 1471 1346 1508 sed
1376 1477 1508 1508 tamen
1530 1481 1570 1503 20

176 1541 219 1571 tu
249 1533 398 1583 aliquid
432 1533 653 1583 publicanis
680 1534 831 1584 pendis,
869 1535 967 1572 haec
1002 1534 1120 1572 etiam
1155 1534 1196 1573 id
1227 1542 1390 1572 recusat.
1451 1536 1511 1572 Ea

176 1597 248 1636 tibi
287 1598 401 1648 igitur
447 1605 485 1637 et
530 1599 706 1649 Κικέρων,
751 1600 1152 1650 ἀριστοκρατικώτατος
1197 1603 1296 1648 παῖς,
1344 1601 1510 1638 salutem

177 1662 326 1702 dicunt.

220 1769 331 1805 XVI
449 1772 516 1805 Scr.
537 1774 570 1804 in
587 1773 769 1806 Formiano
787 1774 830 1807 in.
853 1786 897 1806 m.
919 1773 1011 1806 Maio
1028 1786 1059 1807 a.
1082 1776 1141 1817 695
1159 1773 1245 1816 (59).

586 1863 761 1894 CICERO
794 1863 969 1895 ATTICO
1002 1863 1099 1896 SAL.
1530 1871 1567 1905 25

144 1957 164 1987 1
236 1952 388 1991 Cenato
415 1951 511 1990 mihi
538 1959 576 1990 et
605 1952 682 1990 iarn
710 1953 939 1992 dormitanti
959 1953 1084 2004 pridie
1113 1955 1163 1991 K.
1189 1951 1316 1990 Maias
1344 1950 1511 2001 epistula

179 2024 237 2054 est
268 2016 333 2055 illa
365 2017 518 2055 reddita
549 2017 589 2055 in
620 2032 698 2067 qua
731 2020 781 2057 de
815 2032 907 2068 agro
942 2020 1149 2069 Campano
1183 2017 1329 2056 scribis.
1401 2016 1510 2065 Quid

177 2082 363 2131 quaeris?
391 2082 518 2132 primo
544 2083 598 2120 ita
625 2097 688 2121 me
712 2084 878 2134 pupugit
905 2091 947 2122 ut
974 2096 1158 2122 somnum
1183 2081 1280 2120 mihi
1306 2080 1513 2128 ademerit,

177 2148 248 2186 sed
278 2147 318 2186 id
350 2147 587 2197 cogitatione
617 2149 738 2198 magis
767 2163 885 2199 quarn
914 2148 1093 2188 molestia
1108 2162 1118 2196 3
1159 2146 1346 2198 cogitanti
1377 2153 1509 2184 autem

178 2214 276 2252 haec
305 2214 384 2252 fere
413 2214 703 2252 succurrebant.
764 2213 939 2252 Primum
969 2227 1015 2252 ex
1039 2226 1087 2251 eo
1115 2213 1223 2263 quod
1244 2210 1509 2262 superioribus
1530 2222 1570 2254 30

220 2320 241 2348 6
258 2319 328 2349 sive
346 2322 442 2357 geret
455 2316 557 2348 Reid:
577 2322 648 2355 -get
664 2316 737 2347 CZ:
756 2315 827 2347 sive
842 2317 951 2356 eriget
967 2315 1022 2347 Cot
1031 2315 1135 2346 radus
1150 2326 1155 2346 τ
1174 2315 1245 2345 sive
1258 2318 1354 2354 reget
1366 2312 1509 2344 Mz‘zller:

177 2365 316 2435 onudiA
344 2362 477 2403 (lacuna
501 2372 558 2392 sex
579 2361 762 2391 litterarum
790 2359 824 2391 in
852 2358 905 2401 M)
1057 2369 1093 2398 14
1113 2362 1190 2400 post
1212 2357 1303 2389 solus
1328 2356 1404 2388 add.
1434 2366 1509 2387 esse

178 2405 239 2436 Rei
