1790 2837
85 133 114 172 I.
138 132 216 171 xiii
525 131 581 168 M.
613 127 783 167 TVLLI
814 126 1146 166 CICERONIS.

161 243 263 283 Boni
284 242 352 282 viri
373 241 555 292 precibus
577 238 694 279 Clodi
708 244 958 277 removentur
976 251 1000 276 a
1019 250 1146 285 causa,
1171 250 1312 287 operae
1332 237 1489 287 compa-

159 315 301 354 rantur,
336 313 492 345 nosmet
530 304 615 355 ipsi,
653 303 720 354 qui
759 302 950 352 Lycurgei
981 316 1004 340 a
1033 302 1227 353 principio
1265 302 1487 348 fuissemuS,

159 372 305 412 cotidie
337 370 623 420 demstigamur,
660 368 778 406 instat
809 375 847 406 et
881 374 991 417 urget
1026 368 1139 406 Cato.
1199 366 1307 416 Quid
1337 367 1489 404 multa?

158 451 294 476 vereor
322 450 373 475 ne
402 438 500 474 haec
529 436 708 484 neglecta
733 447 757 471 a
782 432 911 479 bonis,
932 433 1095 471 defensa
1119 432 1171 470 ab
1195 431 1384 482 improbis
1411 444 1490 469 ma-

114 519 140 556 4
159 515 326 553 gnorum
356 501 410 539 rei
439 500 621 551 publicae
649 500 841 537 malorum
869 510 986 536 causa
1010 496 1070 535 sit.
1128 498 1239 534 Tuus
1265 503 1396 534 autem
1424 494 1489 533 ille
1510 505 1527 536 5

159 566 310 605 amicus
342 565 443 617 (scin
472 578 592 615 quem
622 563 752 602 dicam
766 563 810 613 ?),
840 563 890 601 de
920 575 1000 611 quo
1034 569 1076 599 tu
1107 562 1158 599 ad
1193 574 1256 599 me
1290 558 1489 609 scripsisti,

158 639 296 682 postea
326 645 445 681 quam
475 644 556 669 non
589 630 751 668 auderet
782 628 1078 678 reprehendere,
1109 627 1268 664 laudare
1299 624 1486 674 coepisse,

159 711 243 744 nos,
266 704 308 735 ut
329 695 512 743 ostendit,
535 695 754 734 admodum
776 692 912 742 diligit,
935 691 1197 741 amplectitur,
1218 697 1334 737 amat,
1357 696 1489 739 aperte

158 764 306 810 laudat,
338 763 492 801 occulte
527 761 596 799 sed
626 759 679 798 ita
712 766 754 797 ut
785 757 1035 808 perspicuum
1075 756 1124 794 sit
1156 755 1316 794 invidet.
1380 753 1489 793 Nihil

160 840 283 873 come,
318 826 416 864 nihil
448 825 626 875 simplex,
655 823 753 862 nihil
783 827 820 862 ἐν
848 825 924 863 τοῖς
953 823 1158 862 πολιτικοῖς
1186 820 1358 866 inlustre,
1392 818 1488 857 nihil
1513 831 1550 854 10

158 893 382 939 honesturn,
406 891 503 929 nihil
527 892 636 936 forte,
666 889 763 928 nihil
792 889 971 928 liberum.
1031 889 1109 927 Sed
1136 888 1233 926 haec
1262 887 1313 924 ad
1340 893 1378 924 te
1403 885 1490 924 scri-

158 958 251 996 bam
272 958 366 996 alias
388 956 569 996 subtilius
586 970 594 1003 3
624 969 715 993 nam
738 968 868 1005 neque
891 955 1024 992 adhuc
1048 952 1145 992 mihi
1172 951 1263 991 satis
1285 959 1378 990 nota
1398 958 1490 989 sunt

159 1030 197 1062 et
227 1023 319 1062 huic
343 1030 466 1062 terrae
496 1021 577 1060 filio
604 1020 739 1062 nescio
767 1019 831 1059 cui
855 1019 1102 1059 committere
1132 1018 1340 1069 epistulam
1372 1016 1489 1055 tantis

159 1090 209 1127 de
230 1089 346 1127 rebus
367 1102 448 1126 non
468 1088 608 1125 audeo.

116 1166 141 1204 5
215 1153 439 1192 Provincias
470 1160 668 1203 praetores
702 1152 882 1190 nondum
916 1149 1041 1189 sortiti
1074 1156 1175 1188 sunt.
1234 1150 1315 1187 Res
1346 1148 1489 1186 eodem
1514 1161 1548 1192 15

160 1226 218 1257 est
248 1218 325 1257 loci
355 1232 435 1268 quo
464 1216 665 1267 reliquisti.
723 1217 957 1255 Τοποθεσίαν
988 1229 1107 1266 quam
1137 1216 1312 1264 postulas
1343 1212 1489 1251 Miseni

159 1291 197 1322 et
230 1285 485 1322 Puteolorum
517 1282 719 1321 includam
747 1281 915 1321 orationi
944 1294 1067 1319 meae.
1126 1281 1198 1317 (Α.
1231 1280 1269 1318 d.
1303 1291 1350 1316 111
1382 1280 1486 1317 Non.

162 1349 385 1387 Decembr.'
415 1349 607 1387 mendose
636 1347 755 1386 fuisse
784 1346 1148 1385 animadverteram.
1209 1345 1323 1393 Quae
1352 1345 1490 1382 laudas

159 1427 206 1452 ex
235 1413 489 1460 orationibus,
522 1413 619 1451 mihi
649 1414 776 1460 crede,
798 1413 913 1450 valde
943 1410 1039 1449 mihi
1069 1410 1280 1460 placebant
1308 1410 1378 1447 sed
1408 1422 1490 1447 non

157 1480 355 1518 audebam
381 1486 498 1517 antea
522 1478 676 1526 dicere,
706 1491 813 1516 nunc
832 1490 924 1516 vero
949 1477 1057 1526 quod
1083 1489 1106 1513 a
1130 1482 1168 1513 te
1194 1474 1359 1524 probata
1386 1480 1490 1522 sunt,
1511 1486 1550 1508 20

158 1546 284 1583 multo
312 1545 365 1582 mi
392 1545 612 1594 ἀττικώτερα
635 1543 828 1582 videntur.
889 1544 937 1580 In
966 1541 1071 1579 illam
1102 1539 1321 1578 orationem
1352 1540 1491 1577 Metel-

158 1609 279 1647 linam
313 1609 451 1648 addidi
485 1609 692 1659 quaedam.
753 1607 871 1645 Liber
904 1606 975 1645 tibi
1010 1605 1197 1653 mittetur,
1229 1604 1417 1655 quoniam
1451 1611 1490 1643 te

158 1688 269 1713 amor
298 1673 421 1713 nostri
451 1675 683 1723 φιλορήτορα
702 1672 884 1711 reddidit.

115 1746 143 1784 6
216 1739 320 1778 Novi
359 1738 431 1777 tibi
469 1739 660 1789 quidnam
699 1737 897 1776 scribam?
939 1736 1068 1786 quid?
1109 1737 1237 1776 etiam.
1304 1736 1490 1774 Messalla

160 1806 299 1843 consul
316 1803 604 1842 Autronianam
624 1804 789 1842 domum
815 1801 909 1841 emit
932 1804 1001 1840 HS
1028 1807 1294 1843 †cxx><1111†.
1357 1800 1489 1850 ‘Quid
1511 1812 1548 1844 25

158 1869 198 1908 id
215 1871 265 1908 ad
288 1883 350 1907 me
363 1871 400 1907 ?⁷
425 1869 590 1918 inquies.
640 1870 814 1906 Tantum
832 1868 940 1917 quod
956 1881 1002 1906 ea
1022 1866 1223 1917 emptione
1244 1874 1282 1905 et
1297 1879 1370 1904 nos
1387 1866 1489 1904 bene

157 1934 302 1973 emisse
340 1934 501 1972 iudicati
541 1947 676 1972 sumus
715 1940 753 1972 et
792 1931 974 1971 homines
1012 1931 1236 1981 intellegere
1274 1937 1489 1980 coeperunt

156 1999 273 2038 licere
293 1999 510 2037 amicorum
531 1998 782 2037 facultatibus
812 1997 852 2035 in
882 1998 1054 2036 emendo
1082 1998 1134 2036 ad
1163 1996 1394 2046 dignitatem
1423 1995 1489 2033 ali-

158 2078 278 2114 quam
317 2064 530 2114 pervenire.
590 2063 753 2102 Teucris
792 2062 857 2100 illa
894 2063 1044 2100 lentum
1082 2061 1284 2112 negotium
1323 2068 1381 2099 est
1418 2059 1489 2098 sed

157 2136 289 2168 tamen
321 2136 380 2167 est
413 2129 453 2166 in
488 2142 567 2179 spe.
626 2131 689 2167 Tu
721 2127 795 2166 ista
826 2128 988 2166 confice.
1047 2128 1084 2164 A
1117 2126 1233 2165 nobis
1266 2126 1488 2164 liberiorem
1509 2135 1550 2166 30

155 2195 365 2245 epistulam
396 2202 589 2245 exspecta.
648 2206 689 2232 vl
713 2194 802 2232 Kal.
827 2193 939 2232 Febr.
963 2194 1019 2231 M.
1043 2193 1242 2239 Messalla,
1264 2193 1320 2230 M.
1345 2191 1489 2230 Pisone

156 2274 254 2300 coss,

199 2368 220 2398 3
243 2358 437 2397 mitigamur
464 2357 588 2398 Tyrrell
737 2367 757 2396 4
783 2356 937 2396 neglecta
954 2356 993 2387 I:
1016 2356 1139 2387 iniecta
1155 2356 1214 2386 M:
1239 2356 1367 2387 abiecta
1385 2353 1488 2385 Reid:

157 2413 282 2445 insecta
301 2413 473 2443 Lelmnum
555 2423 591 2452 17
617 2412 772 2443 incudam
786 2412 864 2443 coni.
885 2411 1006 2452 Zyrrdl
1084 2421 1124 2450 25
1152 2410 1294 2454 lxxxvu}
1314 2408 1487 2440 Casanbon

158 2467 196 2497 31
224 2457 268 2489 M.
291 2456 447 2488 Messalla
466 2480 472 2487 .
491 2481 499 2488 .
520 2480 527 2488 .
546 2466 632 2487 coss.
652 2456 686 2495 cf.
706 2456 753 2487 ad
766 2467 794 2487 2.
819 2466 832 2486 1
