1790 2837
77 124 108 162 Ι.
126 124 172 161 xi
507 126 564 164 M.
596 125 765 163 TVLLI
795 124 1103 164 CICERONIS

145 249 232 275 sum
252 245 485 276 commotus.
546 238 608 276 Eo
627 237 844 276 accedebat
863 237 1038 275 hortator
1057 236 1246 276 adsiduus
1267 236 1471 276 Sallustius

145 308 189 339 ut
207 315 361 351 agerem
383 316 502 352 quam
520 301 817 352 diligentissime
834 315 925 347 cum
941 301 1114 340 Lucceio
1135 303 1186 340 de
1201 310 1329 341 vestra
1342 310 1472 341 vetere

143 366 264 415 gratia
284 366 584 405 reconcilianda.
645 367 724 405 Sed
751 380 842 404 cum
868 366 1001 404 omnia
1025 366 1219 415 fecissem,
1239 380 1321 405 non
1350 367 1472 405 modo

142 444 230 469 eam
261 432 505 469 voluntatem
538 431 621 470 eius
652 445 754 481 quae
785 432 909 469 fuerat
947 444 1037 480 erga
1074 438 1113 469 te
1146 431 1360 481 reciperare
1390 444 1472 468 non

104 537 109 540 s
142 495 264 545 potui,
287 509 423 534 verum
449 510 500 535 ne
529 510 688 535 causam
720 496 884 546 quidem
911 496 1051 534 elicere
1077 495 1307 533 immutatae
1337 497 1473 533 volun·
1492 505 1517 536 5.

142 560 240 598 tatis.
300 559 477 599 Tametsi
505 560 622 599 iactat
651 561 716 600 ille
745 560 908 611 quidem
938 560 1035 598 illud
1064 574 1179 598 suum
1205 559 1407 598 arbitrium
1434 567 1473 598 et

141 639 188 664 ea
219 639 320 675 quae
351 625 429 664 iam
456 633 540 664 tum
571 640 663 665 cum
696 627 834 664 aderas
866 626 1067 664 offendere
1098 624 1181 663 eius
1215 623 1392 662 animum
1418 623 1474 662 in-

141 692 390 741 tellegebam,
411 683 544 729 tamen
572 692 693 730 habet
722 690 915 742 quiddam
944 691 1122 741 profecto
1143 690 1252 740 quod
1282 688 1404 739 magis
1432 688 1473 727 in

141 756 276 795 animo
315 756 397 795 eius
436 756 635 805 insederit,
674 757 784 806 quod
822 769 952 806 neque
985 755 1177 806 epistulae
1215 762 1305 793 tuae
1343 767 1473 804 neque

141 829 274 860 nostra
289 821 485 871 adlegatio
502 829 581 859 tam
597 829 728 872 potest
745 820 858 860 facile
872 822 1015 859 delere.
1066 821 1206 923 &uam
1227 827 1269 858 tu
1289 833 1473 870 praesens
1495 835 1534 858 10

140 901 222 925 non
254 888 376 926 modo
407 887 583 925 oratione
618 888 689 925 sed
727 893 796 925 tuo
827 887 937 924 vultu
969 885 1036 924 illo
1089 884 1252 924 amiliari
1284 886 1411 932 tolles,
1442 884 1474 922 si

140 953 263 990 modo
293 951 390 990 tanti
419 951 579 1002 putaris,
600 951 640 991 id
670 953 793 1002 quod,
814 950 845 990 si
870 965 934 990 me
954 951 1091 989 audies
1121 958 1159 989 et
1186 950 1217 988 si
1238 949 1473 988 humanitati

139 1024 230 1055 tuae
252 1024 430 1056 constare
451 1019 571 1065 voles,
593 1024 697 1056 certe
725 1016 892 1068 putabis.
953 1018 1013 1054 Ac
1034 1030 1084 1055 ne
1108 1015 1205 1054 illud
1233 1015 1371 1053 mirere
1392 1029 1473 1065 cur,

140 1096 231 1121 cum
253 1096 326 1132 ego
346 1090 463 1121 antea
483 1082 733 1133 significarim
755 1082 826 1120 tibi
847 1096 915 1132 per
935 1082 1081 1120 litteras
1103 1095 1166 1120 me
1187 1094 1342 1131 sperare
1363 1080 1471 1118 illum

139 1147 180 1185 in
219 1155 353 1186 nostra
383 1155 577 1198 potestate
615 1149 710 1196 fore,
750 1161 857 1185 nunc
891 1147 999 1186 idem
1030 1146 1164 1185 videar
1195 1146 1384 1193 diffidere,
1419 1145 1473 1183 in·
1494 1162 1532 1194 15

139 1213 328 1252 credibile
349 1220 407 1251 est
431 1220 580 1263 quanto
602 1212 698 1250 mihi
718 1212 897 1250 videatur
917 1212 1019 1250 illius
1039 1213 1220 1250 voluntas
1241 1210 1474 1249 obstinatior

139 1286 178 1318 et
205 1278 245 1316 in
273 1280 346 1317 hac
376 1278 579 1317 iracundia
608 1277 844 1317 offirmatior.
905 1279 984 1316 Sed
1012 1279 1109 1316 haec
1134 1284 1202 1315 aut
1232 1277 1474 1315 sanabuntur

140 1359 232 1384 cum
253 1344 403 1383 veneris
423 1351 490 1382 aut
514 1343 549 1382 ei
570 1345 736 1382 molesta
756 1351 869 1382 erunt
890 1343 930 1381 in
950 1351 1038 1381 utro
1058 1345 1174 1393 culpa
1194 1342 1274 1381 erit.
1482 1384 1487 1393 ,

100 1422 127 1450 2
200 1411 321 1459 Quod
342 1409 381 1447 in
402 1409 569 1461 epistula
589 1417 656 1447 tua
676 1408 864 1458 scripturn
885 1416 966 1447 erat
993 1422 1057 1447 me
1080 1408 1158 1446 iam
1179 1407 1353 1446 arbitrari
1374 1396 1489 1446 desi-¹

142 1484 304 1526 gnatum
329 1489 424 1522 esse,
459 1474 557 1514 scito
589 1474 685 1512 nihil
718 1482 797 1512 tam
828 1473 1041 1512 exercitum
1072 1487 1157 1512 esse
1188 1487 1295 1512 nunc
1320 1475 1474 1511 Romae
1495 1487 1535 1509 20

143 1555 262 1592 quam
284 1540 516 1579 candidatos
544 1539 729 1579 omnibus
759 1539 1032 1590 iniquitatibus
1060 1553 1133 1577 nec
1158 1540 1319 1589 quando
1346 1540 1475 1576 futura

101 1615 126 1652 3
145 1607 221 1645 sint
242 1605 401 1644 comitia
421 1604 518 1643 sciri.
568 1606 717 1642 Verum
738 1605 836 1642 haec
856 1604 992 1642 audies
1013 1605 1063 1642 de
1081 1603 1351 1652 Philadelpho.
1411 1605 1474 1641 Tu

143 1671 260 1710 velim
282 1683 382 1721 quae
404 1668 644 1707 Academiae
662 1676 817 1707 nostrae
834 1668 978 1718 parasti
999 1682 1118 1718 quam
1140 1667 1309 1717 primum
1331 1667 1471 1706 mittas.

143 1737 246 1776 Mire
278 1749 395 1786 quam
424 1735 524 1773 illius
551 1734 627 1773 loci
651 1748 733 1773 non
765 1735 887 1773 modo
918 1747 1011 1772 usus
1042 1735 1112 1772 sed
1141 1732 1259 1771 etiam
1289 1732 1474 1782 cogitatio

143 1804 322 1842 delectat.
367 1800 507 1840 Libros
528 1813 619 1839 vero
641 1808 730 1839 tuos
751 1799 1051 1849 cave-cuiquam
1073 1799 1201 1837 tradas
1217 1812 1227 1845 3
1256 1797 1371 1836 nobis
1392 1811 1471 1845 eos,
1495 1815 1532 1847 25

144 1882 263 1920 quem
293 1869 344 1906 ad
374 1867 539 1905 modum
570 1865 717 1913 scribis,
750 1878 948 1904 conserva.
1010 1865 1217 1902 Summum
1248 1877 1311 1901 me
1338 1876 1473 1901 eorum

145 1934 319 1974 studium
349 1939 457 1971 tenet
486 1931 586 1971 sicut
614 1930 750 1970 odium
780 1929 857 1968 iam
887 1936 1103 1968 ceterarum
1130 1942 1258 1967 rerum
1273 1942 1283 1976 3
1312 1941 1409 1978 quas
1434 1935 1476 1966 tu

144 1998 374 2038 incredibile
396 2004 453 2036 est
475 2010 593 2047 quam
616 1995 724 2035 brevi
744 2003 921 2046 ternpore
943 2001 1092 2045 quanto
1116 1993 1327 2033 deteriores
1358 1995 1476 2032 ossen-

146 2078 258 2104 surus
279 2063 329 2103 sis
352 2077 471 2114 quam
494 2061 693 2113 reliquisti.

192 2179 205 2198 1
227 2168 293 2210 Eo]
307 2168 349 2198 Et
366 2167 523 2198 Bz'iclzeler
598 2167 620 2196 6
637 2170 729 2196 tuum
746 2164 934 2204 Hervagius
1015 2174 1053 2194 10
1078 2162 1247 2201 adlegatio
1265 2161 1454 2201 Alalasptlza
1470 2172 1476 2191 :

145 2212 271 2250 legatio
289 2212 330 2241 M
463 2221 501 2241 12
526 2210 658 2250 putabis
680 2208 866 2248 lisesenberg
998 2217 1035 2246 17
1060 2206 1254 2237 offirmatior
1276 2205 1474 2235 Ascensius:

146 2256 339 2286 affirmatior
357 2253 397 2284 M
503 2264 542 2294 19
566 2257 638 2284 erat
656 2257 688 2283 te
706 2252 769 2282 iarn
788 2262 840 2282 me
859 2250 976 2282 Lamb.
1084 2260 1125 2289 23
1149 2250 1252 2281 Acad.
1274 2254 1409 2281 nostrae
1427 2253 1454 2278 Δ
1469 2259 1477 2279 2

147 2305 281 2330 nostrae
298 2299 402 2330 Acad.
425 2300 449 2330 Σ
561 2307 601 2336 24
621 2299 810 2337 postquam
827 2294 903 2326 add.
924 2304 978 2326 me
998 2293 1099 2326 Orelli
