1817 2832
631 104 744 142 EPP.
776 105 855 141 AD
884 104 1141 142 ATTICVM
1458 102 1553 140 VII.
1577 101 1654 138 xxi

219 214 358 252 facere.
406 213 509 253 Mira
529 228 594 253 me
613 216 747 265 ἀπορία
767 222 933 265 torquet.
984 216 1081 252 Iuva
1101 228 1165 253 me
1185 214 1350 253 consilio
1371 213 1402 252 si
1422 221 1545 265 potes,

220 286 259 317 et
288 287 421 317 tamen
450 279 523 317 ista
552 288 744 329 quantum
773 288 886 330 potes
914 279 1087 330 provide.
1147 279 1256 318 Nihil
1284 280 1412 318 habeo
1441 286 1548 316 tanta

221 357 348 382 rerum
370 343 663 394 perturbatione
684 345 793 395 quod
813 344 992 383 scribam.
1038 346 1145 383 Tuas
1166 343 1311 382 litteras
1332 352 1526 394 exspecto.

183 507 200 537 5
220 458 357 494 XXII
402 461 472 494 Ser.
493 462 528 493 in
545 462 726 494 Formiano
740 459 771 494 vi
787 462 837 494 Id.
854 463 942 548 Fegn'.
962 463 1085 547 {lesperi
1096 466 1156 494 aut
1171 473 1191 494 v
1206 462 1254 494 Id.
1278 473 1375 493 mane

779 517 810 539 a.
831 517 885 546 705
914 518 957 546 49
977 531 983 538 ·

634 583 808 615 CICERO
840 583 1010 614 ATTICO
1044 583 1141 614 SAL.

277 663 427 700 Pedem
466 661 505 700 in
546 661 660 700 Italia
697 661 812 699 video
847 662 998 698 nullum
1030 674 1115 698 esse
1153 660 1221 710 qui
1253 674 1333 699 non
1366 660 1403 698 in
1439 660 1548 699 istius
1569 673 1586 700 1

222 734 417 776 potestate
457 726 514 764 sit.
576 728 638 764 De
678 725 870 776 Pompeio
907 725 989 763 scio
1027 725 1124 763 nihil
1169 739 1350 775 eumque,
1393 725 1467 763 nisi
1509 725 1549 763 in

223 790 353 829 navim
386 804 427 829 se
457 790 675 838 contulerit,
698 798 904 841 exceptum
933 789 977 827 iri
1006 798 1113 840 puto.
1173 791 1208 829 O
1231 790 1468 829 celeritatem
1496 790 1551 828 in-

170 872 205 893 10
224 855 478 894 credibilem!
527 855 642 893 huius
680 862 812 893 autem
854 854 1102 893 nostri—sed
1140 869 1221 893 non
1265 868 1427 905 possum
1466 855 1550 893 sine

225 921 361 959 dolore
380 933 564 958 accusare
585 933 675 958 eum
697 921 746 958 de
774 933 854 969 quo
873 933 994 969 angor
1014 927 1051 957 et
1078 919 1239 957 crucior.
1298 921 1361 957 Tu
1385 921 1549 958 caedem

224 998 305 1022 non
340 984 424 1022 sine
455 997 573 1022 causa
607 984 732 1031 times,
768 998 848 1021 non
882 997 962 1033 quo
994 983 1122 1022 minus
1151 983 1364 1033 quicquam
1392 984 1550 1023 Caesari

224 1048 405 1098 expediat
438 1049 488 1086 ad
527 1048 823 1086 diuturnitatem
861 1047 1045 1086 victoriae
1083 1055 1121 1086 et
1159 1048 1440 1086 dominationis
1478 1049 1548 1087 sed

224 1113 340 1151 video
361 1126 528 1162 quorum
548 1112 707 1150 arbitrio
727 1112 775 1150 sit
794 1120 961 1150 acturus.
1006 1114 1158 1151 †Recte
1177 1112 1225 1150 sit
1245 1126 1389 1151 censeo
1409 1114 1547 1151 ceden-
1566 1122 1591 1150 2

168 1192 204 1223 15
226 1178 321 1215 dum
338 1178 387 1215 de
404 1177 559 1227 oppidis
580 1177 625 1215 iis
645 1190 742 1226 egeo
762 1176 936 1218 consilii:
979 1178 1100 1225 Quod
1117 1176 1310 1226 optimum
1327 1178 1431 1215 factu
1447 1177 1550 1216 vide-

226 1242 330 1281 bitur
349 1243 477 1281 facies.
523 1243 626 1282 Cum
649 1241 862 1280 Philotimo
883 1243 1044 1292 loquere
1064 1250 1183 1292 atque
1202 1243 1304 1280 adeo
1324 1242 1549 1280 Terentiam

225 1306 391 1345 habebis
419 1307 569 1345 Idibus.
630 1308 716 1357 Ego
743 1306 838 1356 quid
867 1308 1010 1356 agam?
1043 1320 1120 1356 qua
1139 1314 1206 1344 aut
1233 1314 1332 1344 terra
1360 1315 1427 1345 aut
1455 1307 1550 1345 mari

226 1385 436 1422 persequar
463 1385 553 1410 eum
581 1371 648 1421 qui
675 1371 742 1410 ubi
771 1371 818 1409 sit
844 1371 1008 1409 nescio?
1064 1371 1149 1409 Etsi
1170 1379 1269 1410 terra
1295 1371 1456 1421 quidem
1484 1371 1551 1421 qui

226 1438 418 1486 possum?
452 1435 548 1474 mari
577 1437 686 1486 quo?
742 1437 914 1474 Tradarn
944 1435 1059 1485 igitur
1088 1435 1150 1474 isti
1180 1438 1272 1474 me?
1329 1438 1406 1474 Fac
1435 1449 1551 1486 posse

169 1516 208 1538 20
226 1508 311 1539 tuto
342 1500 471 1545 (multi
501 1500 607 1538 enim
636 1500 868 1551 hortantur),
899 1514 996 1538 num
1027 1500 1144 1538 etiarn
1179 1502 1374 1539 honeste?
1430 1502 1552 1539 Nullo

226 1566 358 1603 modo.
420 1564 617 1615 Equidem
647 1579 670 1603 a
699 1573 737 1603 te
765 1573 898 1615 petam
927 1565 1148 1612 consilium,
1172 1573 1214 1603 ut
1244 1567 1362 1604 soleo.
1423 1565 1553 1615 Expli-

226 1629 304 1668 cari
335 1642 395 1667 res
429 1643 510 1667 non
538 1637 668 1679 potest
683 1644 692 1677 3
727 1631 797 1668 sed
826 1637 959 1668 tamen
988 1629 1020 1667 si
1050 1629 1146 1680 quid
1175 1629 1215 1667 in
1246 1637 1419 1668 mentem
1447 1629 1553 1668 venit

226 1694 342 1733 velim
364 1694 510 1733 scribas
530 1702 569 1733 et
589 1694 672 1744 ipse
693 1694 789 1744 quid
810 1694 861 1733 sis
881 1702 1048 1733 acturus.

270 1800 431 1835 XXIII
454 1803 524 1835 Ser.
543 1804 578 1834 in
594 1803 777 1834 Formiano
793 1815 813 1834 v
827 1804 877 1836 Id.
894 1804 983 1890 {dmg
1004 1809 1086 1845 vesp.
1107 1807 1167 1835 aut
1182 1803 1215 1835 iv
1228 1803 1278 1835 Id.
1301 1814 1398 1835 mane

169 1864 207 1897 25
781 1858 810 1879 ‘1-
833 1858 889 1887 705
921 1859 964 1887 49
986 1872 994 1880 -

641 1933 816 1965 CICERO
840 1934 1013 1966 ATTICO
1040 1934 1137 1967 SAL.

283 2024 309 2049 v
331 2013 427 2050 Idus
449 2011 560 2050 Febr.
576 2012 725 2061 vesperi
745 2026 768 2049 a
789 2012 1002 2050 Philotimo
1018 2012 1164 2051 litteras
1179 2012 1315 2062 accepi
1333 2012 1553 2051 Domitium
1574 2024 1592 2052 1

229 2077 441 2115 exercitum
476 2077 632 2114 firmum
663 2077 821 2124 habere,
852 2077 1024 2115 cohortis
1056 2091 1103 2116 ex
1136 2077 1285 2116 Piceno
1316 2079 1485 2116 Lentulo
1516 2086 1555 2116 et

276 2189 314 2217 14
337 2179 382 2208 Vt
409 2184 499 2209 recte
527 2180 571 2208 sit
599 2188 723 2209 censeo
749 2179 947 2210 cedendum.
996 2179 1047 2209 De
1073 2178 1197 2219 Oppiis
1224 2179 1298 2210 istis
1323 2190 1408 2219 egeo
1434 2180 1555 2211 consili

228 2222 324 2252 velim
347 2221 424 2251 duce
442 2221 556 2251 Bootx'o
579 2222 638 2260 qui
659 2222 780 2261 Oppiis
802 2221 948 2252 dederat:
981 2222 1090 2252 Recte
1113 2228 1186 2260 est;
1219 2233 1345 2253 censeo
1365 2224 1554 2254 cedendum

229 2266 272 2295 de
296 2265 431 2304 oppidis
456 2265 530 2303 his3
565 2265 625 2295 sed
650 2275 736 2304 egeo
761 2265 881 2295 consili
905 2266 984 2296 coni.
1009 2265 1200 2305 Wesenberg
1222 2267 1295 2304 (sed
1320 2267 1389 2296 iam
1413 2266 1551 2306 Sclzz’il5)

230 2320 282 2340 20.
296 2319 333 2339 21
359 2308 460 2338 Nullo
475 2308 583 2339 modo.
632 2307 794 2347 Equidem
810 2308 958 2346 <quidem
973 2307 1031 2349 M)
1047 2318 1065 2338 a
1082 2313 1115 2338 te
1132 2308 1308 2339 Biicheler:
1330 2309 1431 2339 Nullo
1445 2311 1552 2340 modo.

230 2352 339 2391 Quid?
361 2351 392 2382 A
406 2357 439 2382 te
452 2346 498 2380 Zb
515 2350 615 2381 Orelli
692 2361 731 2390 27
749 2351 885 2390 vesperi
902 2361 922 2381 a
935 2350 1022 2383 Crat.
1038 2362 1044 2381 :
1063 2352 1216 2391 vesperis
1229 2352 1284 2381 M¹
1299 2364 1305 2384 :
1324 2353 1458 2393 vesperi
1472 2364 1490 2384 e
1501 2352 1556 2383 M²
