1817 2832
665 134 776 172 EPP.
809 134 886 172 AD
915 133 1176 173 ATTICVM
1541 131 1587 167 V.
1607 129 1652 166 xi

248 259 345 293 mea,
369 254 453 284 tum
474 244 657 285 videlicet
686 246 797 284 datas
827 259 917 284 curn
938 258 1011 295 ego
1039 258 1102 283 me
1131 257 1212 282 non
1243 243 1344 282 belle
1374 242 1571 281 haberem.

248 313 352 350 Nam
369 311 475 349 illam
497 315 744 362 †vo,aavapza†
766 324 829 349 me
845 309 1136 349 excusationem
1155 322 1205 347 ne
1220 306 1429 358 acceperis.
1471 307 1576 346 Cura

247 384 290 414 ut
310 376 444 415 omnia
464 376 584 414 sciam
605 377 675 415 sed
697 375 866 414 maxime
886 383 928 413 ut
948 376 1089 413 valeas.

291 491 383 526 XII
471 495 540 528 Scr.
558 496 592 527 in
611 495 716 527 medio
733 495 823 525 mari
836 494 918 526 med.
940 505 983 526 m.
1005 493 1118 533 Quint.
1137 504 1167 525 α.
1189 503 1243 533 705
1261 492 1347 535 (51).

210 563 228 595 5
669 565 844 597 CICERO
868 564 1037 595 ATTICO
1064 564 1162 596 SAL.

302 638 516 688 Negotium
537 651 723 688 magnum
745 645 803 676 est
824 637 1003 687 navigare
1026 644 1144 686 atque
1174 635 1215 674 id
1236 649 1371 674 mense
1393 633 1571 683 Quintili.
1593 642 1610 669 1

248 703 366 741 Sexto
395 702 460 741 die
490 704 635 741 Delum
667 701 835 740 Athenis
864 701 1054 739 venimus.
1126 702 1185 738 Pr.
1218 702 1356 738 Nonas
1387 698 1574 748 Quintilis

248 780 270 804 a
292 767 428 805 Piraeo
454 769 505 806 ad
532 769 691 806 Zostera
719 774 838 805 vento
867 768 1045 813 molesto,
1075 765 1142 816 qui
1169 778 1241 804 nos
1269 764 1416 803 ibidem
1448 763 1575 802 Nonis

249 831 385 869 tenuit.
444 834 550 870 Ante
581 844 656 869 vm
700 833 796 869 Idus
834 832 885 869 ad
920 832 1004 870 Ceo
1038 830 1234 877 iucunde3
1274 829 1367 867 inde
1402 830 1575 878 Gyarum

191 909 231 932 10
250 908 366 934 saevo
393 904 512 934 vento
539 909 620 934 non
647 897 811 934 adverso
826 910 836 943 3
869 895 962 934 hinc
989 896 1138 945 Syrum,
1166 894 1259 932 inde
1291 895 1447 941 Delum,
1474 901 1576 932 utro-

249 973 327 1010 que
347 960 460 998 citius
481 974 599 1010 quam
621 962 820 1007 vellemus,
845 974 1001 998 cursum
1029 959 1282 999 confecimus.
1342 961 1447 997 Nam
1471 958 1575 997 nosti

247 1026 434 1075 aphracta
482 1025 730 1064 Rhodiorum
746 1040 756 1073 ,-
802 1025 900 1064 nihil
944 1026 1053 1075 quod
1092 1025 1221 1063 minus
1266 1026 1430 1063 fluctum
1477 1025 1575 1062 ferre

246 1090 380 1140 possit.
441 1091 582 1140 Itaque
612 1098 692 1128 erat
721 1089 761 1126 in
791 1089 925 1127 animo
954 1088 1052 1126 nihil
1082 1088 1265 1126 festinare
1289 1100 1363 1125 nec
1388 1100 1451 1124 me
1474 1087 1576 1124 Delo

247 1167 404 1193 movere
424 1154 498 1192 nisi
519 1153 653 1192 omnia
673 1155 766 1203 ἄκρα
785 1154 929 1203 Γυρέων
948 1166 1046 1202 pura
1065 1152 1261 1190 vidissem.

190 1232 227 1264 15
302 1221 364 1258 De
390 1221 576 1258 Messalla
594 1221 646 1258 ad
666 1227 704 1257 te
724 1219 856 1257 statim
876 1226 919 1256 ut
938 1217 1070 1256 audivi
1091 1219 1141 1255 de
1163 1218 1292 1267 Gyaro
1313 1216 1407 1255 dedi
1428 1215 1573 1255 litteras
1593 1225 1617 1253 2

246 1291 285 1323 et
313 1283 354 1322 id
383 1284 512 1334 ipsum
542 1283 750 1322 consilium
780 1291 957 1322 nostrum
987 1283 1103 1321 etiarn
1134 1283 1185 1320 ad
1214 1281 1473 1320 Hortensium
1511 1281 1575 1320 cui

248 1348 409 1398 quidem
448 1349 563 1387 valde
601 1350 845 1401 συνηγωνίων.
905 1349 983 1386 Sed
1017 1356 1103 1385 tuas
1137 1348 1187 1385 de
1222 1346 1304 1384 eius
1343 1346 1462 1384 iudici
1501 1360 1576 1385 ser-

248 1413 432 1451 monibus
457 1421 495 1451 et
523 1426 585 1451 me
610 1414 768 1451 hercule
793 1412 901 1451 omni
926 1413 976 1450 de
1005 1411 1058 1450 rei
1088 1410 1269 1460 publicae
1299 1418 1400 1448 statu
1430 1410 1574 1448 litteras

248 1486 432 1528 exspecto
452 1479 733 1528 πολιτικώτερον
753 1477 914 1527 quidem
943 1476 1114 1526 scriptas,
1138 1475 1325 1525 quoniam
1354 1489 1462 1513 meos
1483 1489 1574 1513 cum

190 1558 230 1580 20
248 1544 502 1582 Thallumeto
539 1551 674 1582 nostro
712 1544 933 1593 pervolutas
972 1541 1105 1587 libros,
1139 1541 1222 1579 eius
1265 1539 1374 1578 modi
1412 1539 1574 1589 inquam

247 1607 392 1646 litteras
416 1622 463 1647 ex
483 1608 626 1658 quibus
651 1621 724 1658 ego
750 1621 831 1646 non
859 1606 954 1657 quid
984 1607 1050 1644 fiat
1075 1606 1183 1656 (nam
1211 1605 1251 1643 id
1275 1606 1335 1643 vel
1363 1604 1575 1652 Helonius,

246 1673 303 1711 vir
321 1673 583 1723 gravissimus,
598 1680 728 1723 potest
747 1673 913 1721 efficere,
929 1671 1051 1710 cliens
1071 1670 1177 1721 tuus)
1199 1671 1268 1708 sed
1285 1669 1380 1719 quid
1401 1671 1573 1708 futurum

246 1738 295 1776 sit
315 1738 447 1776 sciam.

301 1804 405 1842 Cum
425 1804 523 1842 haec
543 1804 661 1853 leges)
680 1802 916 1842 habebimus
936 1803 1128 1840 consules.
1188 1800 1333 1840 Omnia
1353 1799 1572 1850 perspicere

189 1883 227 1915 25
247 1867 391 1918 poteris
418 1869 468 1906 de
496 1870 676 1916 Caesare,
697 1869 747 1907 de
772 1867 976 1917 Pompeio,
997 1868 1047 1905 de
1076 1865 1169 1916 ipsis
1198 1865 1361 1903 iudiciis.
1426 1866 1571 1902 Nostra
1589 1873 1614 1910 3

246 1941 379 1972 autem
416 1934 585 1984 negotia,
619 1934 808 1984 quoniam
847 1935 1001 1971 Romae
1038 1929 1305 1977 commoraris,
1337 1930 1481 1968 amabo
1518 1936 1570 1977 te,

294 2046 307 2065 1
334 2035 429 2066 datas
460 2035 501 2065 M
529 2035 566 2075 cf
593 2036 661 2067 xiii.
689 2045 718 2074 5.
752 2046 792 2067 1:
826 2036 924 2066 datae
950 2040 1029 2065 sunt
1053 2033 1185 2064 Ernesti
1356 2042 1375 2062 2
1400 2031 1572 2072 νομαρχίας

247 2079 391 2110 Scln'ilz:
417 2078 548 2116 νομαῖαν
565 2078 678 2118 ἀργίας
702 2080 778 2110 coni.
803 2079 940 2117 Tyrrell:
966 2078 1104 2108 aliialia
1232 2087 1253 2115 9
1276 2077 1318 2107 ad
1337 2075 1449 2106 Mam:
1475 2076 1517 2105 ab
1534 2074 1576 2104 M

248 2123 318 2153 Ceo
336 2121 392 2151 M:
419 2122 525 2152 Ceum
551 2122 665 2152 codices
688 2122 895 2162 filalaspz‘nae
1019 2131 1053 2151 11
1084 2121 1168 2150 Nam
1202 2119 1409 2159 ll‘Z‘scnlmg:
1443 2119 1507 2148 iam
1533 2118 1577 2149 M

251 2176 288 2204 13
307 2166 468 2196 festinare
482 2165 566 2195 Delo
584 2176 645 2195 nec
663 2176 715 2195 me
732 2176 866 2195 movere
883 2164 970 2195 codd.
994 2176 1000 2195 :
1017 2164 1216 2203 transposuit
1227 2163 1343 2192 Lamb.
1438 2172 1474 2200 14
1492 2162 1572 2200 ἄκρα

247 2208 367 2248 Γυρέων
379 2219 462 2248 pura
475 2209 512 2239 L.
525 2208 653 2248 Maller,
667 2209 733 2238 coll.
746 2209 928 2238 Archilochi
936 2208 1068 2247 Fragm.
1082 2217 1122 2245 54
1135 2207 1285 2246 <Effigiem
1297 2207 1572 2235 AKPATHPEON

247 2253 320 2282 iura
337 2252 396 2282 M:
420 2251 622 2291 ἀκρωτηρίων
639 2252 727 2291 οὔρια
743 2252 833 2291 vulg,
852 2263 858 2282 :
889 2251 1067 2290 ἀκρωτήρια
1082 2249 1172 2288 οὔρια
1188 2248 1335 2279 Schiche:
1361 2248 1460 2288 ἀκραῆ
1481 2247 1573 2287 οὖρον

254 2295 420 2325 Turnebus
566 2304 603 2334 15
628 2296 684 2335 ad]y
704 2305 723 2325 a
745 2294 866 2335 Zyrrcll
994 2304 1033 2323 22
1058 2293 1274 2332 gravissimus
1294 2292 1336 2323 C:
1363 2293 1573 2328 gratissimus

247 2338 307 2411 {st
345 2339 565 2377 guar-issimus
594 2337 717 2380 Stangl
906 2347 947 2379 24
986 2337 1182 2368 habebimus
1209 2339 1303 2367 velt.:
1343 2335 1504 2367 habemus
1535 2334 1577 2366 M

280 2382 423 2414 elznzann
