1817 2832
702 638 874 677 LIBER
905 638 1153 687 QVINTVS

684 757 787 805 AD
833 757 1172 807 ATTICVM

302 890 326 927 Ῑ
452 891 524 926 Ser.
544 891 734 923 Menturnis
748 892 786 922 iii
799 895 859 923 aul
867 891 954 933 prid.
972 891 1058 924 Non.
1078 891 1160 924 Mai.
1181 902 1213 923 a.
1232 901 1286 932 703
1310 891 1394 933 (51).

676 980 852 1012 CICERO
877 980 1050 1011 ATTICO
1077 979 1174 1012 SAL.

224 1086 242 1113 1
315 1071 406 1108 EGO
429 1082 522 1108 vero
549 1076 587 1107 et
611 1075 722 1106 tuum
750 1067 789 1105 in
817 1067 993 1106 discessu
1017 1067 1097 1106 vidi
1123 1066 1300 1105 animum
1328 1073 1366 1105 et
1390 1080 1480 1106 meo
1507 1080 1593 1105 sum

259 1134 343 1185 ipse
377 1134 496 1173 testis.
558 1135 650 1182 Quo
683 1132 805 1182 magis
837 1132 907 1171 erit
938 1132 1008 1171 tibi
1039 1132 1254 1170 videndum
1290 1145 1340 1170 ne
1372 1132 1468 1182 quid
1502 1131 1595 1170 novi

261 1201 502 1246 decernatur,
526 1206 569 1236 ut
590 1200 666 1237 hoc
694 1206 871 1236 nostrum
893 1197 1132 1236 desiderium
1158 1211 1207 1235 ne
1228 1199 1315 1247 plus
1336 1196 1384 1235 sit
1404 1210 1590 1235 annuum.
1615 1213 1631 1244 5

219 1272 243 1299 2
264 1267 326 1303 De
346 1264 480 1303 Annio
502 1263 711 1302 Saturnino
733 1263 875 1302 curasti
895 1263 1029 1313 probe.
1092 1264 1153 1300 De
1176 1262 1267 1300 satis
1290 1263 1423 1300 dando
1445 1276 1535 1300 vero
1557 1270 1595 1301 te

261 1343 366 1380 rogo,
390 1330 522 1379 quoad
552 1328 625 1367 eris
657 1331 811 1366 Romae
841 1336 881 1365 tu
912 1335 954 1365 ut
982 1327 1074 1365 satis
1102 1329 1182 1366 des.
1244 1329 1295 1365 Et
1325 1335 1415 1364 sunt
1445 1327 1595 1377 aliquot

260 1395 536 1434 satisdationes
576 1395 797 1432 secundum
840 1392 1083 1443 mancipium
1124 1392 1244 1431 veluti
1286 1392 1595 1449 Mennianorum

260 1460 510 1511 praediorum
527 1461 587 1497 vel
602 1458 875 1497 Atilianorum.
931 1461 992 1497 De
1011 1457 1144 1508 Oppio
1166 1459 1313 1496 facturn
1335 1465 1394 1497 est
1414 1464 1459 1496 ut
1476 1458 1592 1505 volui,

260 1533 298 1564 et
320 1525 488 1563 maxime
515 1526 624 1574 quod
651 1536 756 1562 DCCC
783 1523 978 1574 aperuisti.
1039 1525 1153 1572 Quae
1175 1523 1337 1573 quidem
1362 1537 1434 1573 ego
1459 1523 1595 1574 utique
1617 1538 1655 1560 10

260 1592 321 1628 vel
348 1604 504 1628 versura
533 1591 634 1627 facta
664 1589 760 1627 solvi
788 1591 888 1636 volo,
913 1602 962 1627 ne
992 1596 1165 1627 extrema
1193 1588 1344 1626 exactio
1371 1596 1594 1627 nostrorum

262 1655 470 1693 nominum
497 1662 752 1704 exspectetur.

220 1724 244 1762 3
319 1721 438 1758 Nunc
458 1719 573 1757 venio
593 1720 644 1757 ad
665 1727 925 1758 transversum
948 1719 1056 1758 illum
1080 1728 1275 1759 extremae
1296 1720 1485 1770 epistulae
1507 1727 1596 1758 tuae

262 1784 495 1823 versiculum
518 1784 557 1822 in
579 1798 658 1834 quo
684 1798 746 1822 me
770 1786 962 1823 admones
984 1787 1033 1824 de
1062 1799 1202 1824 sorore.
1265 1787 1378 1834 Quae
1399 1800 1458 1824 res
1479 1799 1520 1824 se
1542 1786 1596 1824 sic

261 1851 390 1888 habet.
450 1852 504 1888 Vt
528 1850 616 1888 veni
644 1850 683 1887 in
705 1850 884 1900 Arpinas,
917 1866 1007 1890 cum
1037 1853 1088 1890 ad
1120 1865 1182 1890 me
1212 1852 1326 1889 frater
1352 1851 1532 1898 venisset,
1556 1851 1595 1889 in
1620 1862 1655 1893 15

260 1916 395 1966 primis
426 1915 540 1954 nobis
571 1929 698 1954 sermo
729 1916 839 1966 isque
872 1920 1017 1956 multus
1045 1919 1095 1956 de
1123 1925 1160 1956 te
1190 1917 1271 1955 fuit.
1334 1919 1392 1955 Ex
1417 1930 1496 1967 quo
1523 1930 1596 1966 ego

260 1981 349 2020 veni
370 1982 420 2019 ad
441 1994 487 2019 ea
507 1995 608 2030 quae
636 1983 832 2020 fueramus
861 1997 933 2033 ego
961 1990 999 2021 et
1027 1990 1067 2020 tu
1099 1983 1198 2021 inter
1226 1996 1298 2021 nos
1320 1984 1370 2021 de
1398 1996 1529 2020 sorore
1556 1982 1595 2019 in

261 2048 489 2084 Tusculano
511 2046 642 2084 locuti.
706 2048 815 2086 Nihil
837 2056 916 2086 tam
941 2048 1021 2086 vidi
1049 2048 1153 2093 mite,
1178 2047 1275 2085 nihil
1296 2055 1375 2085 tani
1397 2049 1594 2098 placatum

263 2125 381 2161 quam
422 2119 503 2148 tum
545 2126 655 2150 meus
696 2114 810 2150 frater
844 2120 925 2151 erat
958 2112 997 2150 in
1033 2126 1205 2151 sororem
1241 2119 1359 2159 tuam,
1392 2119 1444 2158 ut,
1478 2111 1594 2150 etiam

266 2176 296 2214 si
327 2190 404 2226 qua
433 2178 557 2215 fuerat
587 2191 634 2215 ex
664 2177 812 2216 ratione
847 2185 1026 2227 sumptus
1059 2177 1234 2223 offensio,
1265 2191 1345 2215 non
1379 2183 1591 2226 appareret.
1617 2187 1656 2208 20

307 2291 327 2318 3
353 2280 443 2321 meo]
474 2281 537 2311 mei
567 2282 600 2311 in
626 2291 666 2311 co
697 2281 817 2320 Ysvrrell
947 2283 967 2311 6
990 2292 1071 2311 vero
1097 2292 1161 2311 om.
1191 2281 1276 2311 Rav.
1412 2291 1433 2319 9
1458 2284 1493 2309 ut
1517 2279 1592 2311 add.

262 2325 352 2364 vulg.
495 2336 533 2355 10
558 2328 632 2355 ante
657 2335 739 2355 DCCC
765 2324 842 2355 add.
865 2325 906 2354 de
934 2324 1055 2364 Tyrrell
1187 2335 1224 2354 12
1250 2324 1423 2354 nominum
1451 2322 1592 2353 CNOP:

263 2369 409 2398 omnium
428 2372 456 2397 Δ
594 2370 632 2398 16
657 2379 721 2406 ego
745 2379 810 2400 om.
836 2367 922 2399 Rav.
1057 2379 1098 2398 20
1123 2372 1275 2407 sumptus
1296 2367 1346 2398 ΕΣ
1366 2370 1505 2408 (practer
1517 2365 1570 2404 H)
1588 2378 1594 2396 :

263 2416 397 2450 sumpta
415 2416 442 2441 Δ
458 2423 464 2441 :
490 2413 685 2451 supradicta
699 2411 740 2441 H
