1790 2837
108 132 161 168 II.
180 131 287 168 xxiii
571 130 626 169 M.
659 130 828 168 TVLLI
860 130 1167 170 CICERONIS

201 243 260 290 sit,
283 242 322 281 in
354 244 477 281 multa
497 241 878 281 commemoratione
902 255 1036 281 earum
1060 256 1189 281 rerum
1214 255 1311 294 quas
1340 240 1532 293 gessimus

201 307 477 357 desiderioque
493 321 704 345 versamur.
738 308 816 345 Sed
836 308 1022 357 βοώπιδος
1043 315 1198 346 nostrae
1215 307 1531 357 consanguineus

199 386 281 410 non
308 371 517 410 mediocris
542 379 706 410 terrores
740 371 831 410 iacit
862 379 981 422 atque
1011 371 1219 410 denuntiat
1248 379 1286 410 et
1316 371 1532 421 Sampsice-

200 451 308 475 ramo
329 444 455 487 negat,
479 437 616 475 ceteris
637 450 729 487 prae
750 450 791 475 se
812 438 883 475 fert
910 444 949 475 et
973 443 1153 475 ostentat.
1214 437 1345 485 Quam
1370 436 1421 474 ob
1447 449 1528 473 rem

199 502 230 539 si
261 515 324 541 me
352 515 461 540 amas
491 509 644 540 tanturn
670 510 863 552 quantum
891 503 1068 551 profecto
1095 514 1213 546 amas,
1237 500 1269 538 si
1293 500 1440 539 dormis
1469 514 1529 539 ex-
1548 512 1565 543 5

197 567 426 617 pergiscere‚
461 566 494 605 si
524 574 602 605 stas
637 566 854 617 ingredere,
888 566 920 604 si
954 565 1166 616 ingrederis
1196 579 1316 613 curre,
1349 564 1379 603 si
1408 565 1528 604 curris

196 634 348 671 advola.
420 631 621 672 Credibile
655 645 737 670 non
772 639 831 670 est
870 638 1063 681 quantum
1098 643 1171 679 ego
1210 629 1250 667 in
1285 629 1457 668 consiliis
1494 635 1532 668 et

196 697 405 748 prudentia
434 704 510 744 tua,
539 698 728 748 quodque
759 695 974 734 maximum
1005 702 1074 742 est,
1103 702 1295 745 quantum
1326 694 1366 732 in
1395 708 1528 734 amore

196 769 235 800 et
264 763 343 801 fide
372 776 530 812 ponam.
591 761 829 812 Magnitudo
854 760 909 800 rei
932 762 1090 810 longam
1118 759 1336 798 orationem
1366 761 1528 799 fortasse

195 827 402 874 desiderat,
437 827 665 866 coniunctio
699 840 791 865 vero
825 833 1048 864 nostrorum
1083 825 1305 863 animorum
1338 825 1527 864 brevitate
1549 840 1587 863 10

193 899 380 930 contenta
400 900 469 931 est.
529 891 737 942 Permagni
766 898 899 929 nostra
928 890 1088 929 interest
1114 897 1162 937 te,
1190 889 1220 928 si
1248 889 1416 928 comitiis
1445 903 1527 928 non

193 957 377 1006 potueris,
400 964 439 995 at
459 958 658 996 declarato
678 956 745 995 illo
766 970 851 995 esse
873 957 1037 994 Rornae.
1099 956 1204 994 Cura
1223 961 1266 992 ut
1285 956 1424 992 valeas.

237 1061 391 1097 XXIV
448 1066 519 1099 Scr.
536 1066 668 1097 Romae
683 1068 759 1096 anie
773 1076 818 1096 xv
832 1065 875 1097 K.
893 1064 976 1096 Nov.
996 1075 1028 1095 a.
1047 1064 1106 1104 695
1125 1062 1195 1103 (59)
1212 1074 1222 1094 .·
1246 1063 1328 1103 fort.
1349 1073 1392 1094 m.
1410 1062 1500 1096 Sext.

611 1142 788 1174 CICERO
811 1141 984 1173 ATTICO
1011 1140 1106 1172 SAL.

157 1235 173 1262 1
248 1222 358 1270 Quas
393 1221 604 1261 Numestio
646 1221 792 1260 litteras
832 1220 935 1267 dedi,
971 1220 1026 1258 sic
1065 1227 1103 1259 te
1141 1219 1187 1258 iis
1226 1219 1441 1258 evocabam
1480 1228 1523 1259 ut
1546 1235 1582 1268 15

190 1285 288 1324 nihil
308 1286 434 1325 acrius
463 1300 594 1337 neque
624 1286 821 1325 incitatius
854 1285 935 1324 fieri
965 1293 1109 1336 posset.
1168 1286 1234 1323 Ad
1264 1284 1369 1322 illam
1394 1285 1524 1323 celeri-

188 1358 308 1390 tatem
343 1352 446 1390 adde
478 1351 596 1390 etiam
629 1351 659 1390 si
692 1351 788 1401 quid
828 1358 951 1401 potes.
1012 1353 1072 1388 Ac
1103 1364 1154 1388 ne
1193 1349 1243 1388 sis
1274 1351 1522 1400 perturbatus

189 1416 297 1466 (novi
319 1417 423 1455 enim
446 1424 483 1455 te
504 1425 542 1455 et
563 1431 644 1455 non
661 1416 798 1466 ignoro
821 1430 940 1466 quam
969 1415 1017 1454 sit
1037 1429 1148 1454 amor
1177 1415 1305 1454 omnis
1333 1415 1521 1454 sollicitus

187 1489 306 1531 atque
327 1481 607 1533 anxius)—sed
629 1495 688 1520 res
716 1489 784 1528 est,
809 1489 851 1519 ut
873 1495 996 1531 spero,
1020 1495 1101 1520 non
1122 1488 1203 1519 tam
1230 1480 1334 1519 exitu
1356 1482 1521 1519 molesta

146 1556 307 1596 2quam
348 1547 467 1585 aditu.
527 1547 683 1585 Vettius
723 1547 797 1593 ille,
832 1546 896 1585 ille
935 1554 1068 1585 noster
1105 1545 1234 1594 index,
1270 1546 1440 1593 Caesari,
1476 1554 1518 1585 ut
1540 1561 1579 1583 20

186 1611 454 1662 perspicimus,
490 1611 687 1661 pollicitus
720 1619 778 1649 est
813 1625 897 1650 sese
933 1620 1156 1649 curaturum
1192 1620 1233 1649 ut
1268 1612 1307 1649 in
1345 1611 1518 1662 aliquam

186 1676 451 1727 suspicionem
472 1675 654 1714 facinoris
679 1675 799 1715 Curio
830 1676 932 1714 filius
962 1678 1234 1715 adduceretur.
1295 1678 1435 1727 Itaque
1465 1677 1519 1715 in—

185 1742 353 1780 sinuavit
384 1741 423 1779 in
458 1740 760 1779 familiaritatem
797 1742 1062 1780 adulescentis
1094 1750 1132 1781 et
1164 1757 1254 1781 cum
1293 1756 1351 1790 eo,
1384 1750 1426 1780 ut
1457 1755 1517 1780 res

183 1806 344 1854 indicat,
376 1820 493 1856 saepe
526 1820 757 1857 congressus
794 1822 875 1846 rem
909 1807 947 1845 in
984 1822 1074 1846 eum
1107 1810 1239 1846 locum
1278 1808 1441 1847 deduxit
1474 1814 1517 1845 ut

184 1872 330 1911 diceret
351 1871 425 1910 sibi
445 1879 594 1910 certum
617 1886 702 1911 esse
724 1887 814 1912 cum
837 1873 915 1912 suis
937 1874 1055 1912 servis
1080 1873 1119 1912 in
1141 1874 1375 1924 Pompeium
1397 1873 1515 1923 impe·
1538 1888 1573 1919 25

183 1946 266 1976 tum
288 1939 414 1975 facere
435 1951 606 1987 eumque
630 1938 820 1977 occidere.
867 1941 961 1978 Hoc
984 1939 1104 1979 Curio
1124 1941 1175 1978 ad
1192 1947 1340 1989 patrem
1362 1937 1512 1984 detulit,

183 2003 247 2041 ille
277 2004 328 2040 ad
368 2002 613 2051 Pompeium.
676 2005 757 2042 Res
790 2006 919 2043 delata
952 2005 1004 2042 ad
1042 2012 1222 2043 senatum
1261 2012 1329 2042 est.
1391 2005 1515 2042 Intro-

181 2068 323 2105 ductus
353 2067 508 2105 Vettius
544 2068 671 2118 primo
706 2070 875 2119 negabat
914 2082 954 2107 se
989 2083 1178 2119 umquam
1213 2083 1304 2108 cum
1339 2068 1513 2108 Curione

180 2131 414 2180 constitiss2,
436 2146 566 2183 neque
588 2133 627 2172 id
650 2148 743 2173 sane
765 2134 831 2173 diu
847 2149 857 2182 3
887 2147 979 2172 nam
1004 2133 1135 2172 statim
1163 2135 1283 2173 fidem
1310 2133 1512 2184 publicam

223 2248 239 2276 7
265 2242 297 2268 et
315 2237 388 2268 add.
409 2239 498 2279 vulg.
596 2240 616 2269 8
640 2240 798 2278 quodque
815 2239 904 2270 Rom
931 2250 937 2271 :
962 2239 1049 2278 quod
1074 2239 1115 2268 M
1220 2240 1259 2269 16
1284 2237 1508 2279 celeritatem]

178 2281 326 2310 κέλευσιν
355 2282 476 2312 Rosius
626 2285 664 2313 18
687 2293 786 2322 qnam
805 2307 812 2313 .
833 2307 840 2314 .
862 2307 868 2313 .
890 2283 1011 2313 anxius
1036 2283 1197 2320 senarius,
1218 2283 1301 2321 sort.
1336 2293 1375 2312 ex
1389 2282 1511 2320 sabula

183 2324 305 2363 Tisi-rell
380 2337 421 2356 20
445 2326 538 2356 aditu
563 2325 634 2357 Vict.
654 2337 660 2356 :
685 2327 798 2357 auditu
812 2326 918 2357 codd:
941 2327 1087 2356 adventu
1100 2326 1187 2356 Reid
1261 2336 1303 2356 22
1326 2325 1510 2356 insinuavit

180 2367 280 2397 Orelli
305 2369 391 2398 (sine
416 2380 462 2404 se,
495 2370 530 2409 (fi
556 2370 651 2400 Fam.
677 2370 718 2400 iv.
752 2379 800 2407 13.
828 2371 886 2405 ὁδε
923 2370 956 2400 in
977 2370 1054 2399 sinu
1083 2375 1140 2400 ant
1167 2369 1225 2399 M:
1262 2379 1300 2399 se
1327 2369 1509 2399 insinuavit

182 2411 383 2452 llnvsenlmg:
413 2414 602 2443 insinuatus
623 2413 697 2444 Vz'ct.
822 2423 864 2452 29
889 2413 1079 2444 constitisse
1098 2413 1146 2444 C:
1171 2413 1336 2444 restitisse
1353 2411 1413 2443 M:
1439 2422 1509 2442 rem

178 2456 394 2487 constituisse
413 2457 491 2488 coni.
513 2457 605 2497 Reid,
624 2458 706 2496 fort.
725 2461 801 2488 recte
