1817 2832
644 147 757 185 EPP.
790 147 867 184 AD
897 148 1156 187 ATTICVM
1525 148 1572 186 V.
1596 148 1673 185 xxi

226 263 327 303 sunt,
368 258 484 296 datae
527 257 654 295 Nonis
700 257 952 305 Octobribus,
995 259 1137 297 eodem
1184 271 1295 297 meae
1340 259 1553 297 tumultum

226 321 463 360 nuntiantes.
523 322 645 360 Axius
685 331 817 360 noster
853 323 906 361 ait
945 331 1097 361 nostras
1137 323 1378 361 auctoritatis
1418 325 1553 373 plenas

225 386 355 433 fuisse,
381 386 455 424 illis
476 395 592 437 negat
619 387 822 425 creditum.
883 387 1014 425 Bibuli
1043 389 1223 427 nondum
1246 395 1355 427 erant
1373 389 1529 426 adlatae
1544 402 1553 434 3

225 463 322 500 quas
345 458 451 489 certo
473 452 554 490 scio
576 453 710 501 plenas
732 451 881 490 timoris
902 453 993 490 fore.

186 521 205 553 5
281 517 340 552 Ex
379 515 438 553 his
478 517 594 554 rebus
634 518 711 554 hoc
748 530 883 555 vereor
926 530 976 555 ne
1013 530 1105 555 cum
1142 516 1355 566 Pompeius
1394 522 1595 567 propter3

226 587 376 618 metum
397 594 525 619 rerum
546 594 736 619 novarum
758 594 953 631 nusquam
980 581 1210 628 dimittatur,
1235 582 1394 621 Caesari
1422 583 1552 620 nullus

225 645 353 682 honos
382 658 405 682 a
434 653 572 683 senatu
602 646 801 684 habeatur.
829 647 926 684 dum
955 645 1019 684 hic
1049 647 1179 684 nodus
1209 647 1449 696 expediatur,
1472 660 1554 684 non

225 718 336 759 putet
363 719 521 748 senatus
548 723 620 748 nos
647 718 739 748 ante
763 723 882 760 quam
910 724 1135 749 successum
1164 711 1213 748 sit
1240 718 1419 760 oportere
1443 712 1555 749 dece-

225 775 318 812 dere
349 788 422 812 nec
454 774 494 812 in
526 782 636 813 tanto
675 783 785 813 motu
824 789 950 814 rerum
983 776 1101 813 tantis
1136 775 1346 826 provinciis
1380 775 1554 826 singulos

167 854 206 878 10
226 840 373 888 legatos
403 853 593 890 praeesse.
654 840 734 878 Hic
764 854 814 878 ne
843 840 939 890 quid
966 840 1063 878 mihi
1094 847 1331 890 prorogetur,
1363 842 1472 890 quod
1504 854 1553 893 ne

226 903 461 942 intercessor
486 904 649 953 quidem
670 904 863 943 sustinere
892 905 1028 955 possit,
1050 906 1189 943 horreo
1213 912 1332 955 atque
1359 918 1406 943 eo
1431 904 1554 954 magis

225 969 335 1018 quod
377 976 419 1006 tu
463 969 559 1007 abes
597 969 665 1018 qui
699 969 876 1016 consilio,
915 969 1046 1019 gratia,
1087 969 1220 1007 studio
1263 969 1395 1007 multis
1437 969 1553 1007 rebus

226 1046 458 1071 occurreres.
537 1034 615 1071 Sed
662 1033 771 1072 dices
816 1047 880 1071 me
926 1034 1056 1084 ipsum
1102 1034 1199 1072 mihi
1246 1033 1552 1072 sollicitudinem

226 1105 382 1135 struere.
443 1099 574 1148 Cogor
603 1105 645 1136 ut
673 1098 790 1136 velim
819 1099 873 1136 ita
902 1098 973 1146 sit3
1003 1100 1073 1137 sed
1104 1099 1238 1137 omnia
1261 1106 1406 1137 metuo.
1468 1098 1553 1136 Etsi

167 1177 204 1210 15
226 1162 374 1200 bellum
406 1165 682 1212 ἀκροτελεύτιον
712 1164 831 1202 habet
865 1163 931 1202 illa
960 1171 1026 1202 tua
1059 1164 1226 1214 epistula
1254 1177 1373 1213 quam
1408 1163 1553 1202 dedisti

225 1241 420 1266 nauseans
445 1230 650 1276 Buthroto,
686 1228 810 1276 ‘Tibi‚
834 1236 877 1266 ut
903 1228 1019 1267 video
1048 1237 1087 1267 et
1116 1242 1241 1279 spero,
1271 1230 1379 1266 nulla
1406 1229 1457 1266 ad
1487 1229 1551 1267 de-

224 1295 450 1332 cedendum
478 1294 550 1333 erit
578 1295 712 1334 mora.'
770 1296 933 1333 Mallem
966 1297 1030 1332 ‘ut
1058 1294 1199 1342 video‚'
1226 1294 1323 1332 nihil
1350 1307 1450 1343 opus
1479 1293 1550 1331 fuit

228 1361 291 1396 ‘ut
330 1361 467 1409 spero.’
536 1361 779 1409 Acceperam
816 1367 948 1397 autem
987 1359 1079 1397 satis
1118 1359 1293 1397 celeriter
1332 1358 1444 1397 Iconi
1483 1366 1593 1408 per4

225 1423 526 1473 publicanorum
548 1423 770 1462 tabellarios
790 1437 813 1461 a
834 1423 991 1462 Lentuli
1012 1423 1212 1473 triumpho
1239 1424 1360 1461 datas.
1422 1424 1470 1460 In
1491 1422 1551 1460 his

168 1504 206 1526 20
226 1489 474 1541 γλυκύπικρον
512 1488 608 1527 illud
652 1490 862 1527 confirmas
909 1501 1060 1527 moram
1108 1487 1205 1526 mihi
1252 1489 1401 1525 nullam
1447 1488 1553 1534 fore;

226 1553 372 1592 deinde
410 1553 535 1600 addis,
577 1553 608 1591 si
647 1553 743 1603 quid
777 1566 900 1600 secuS‚
941 1560 979 1591 te
1017 1554 1068 1591 ad
1107 1566 1170 1591 me
1208 1565 1294 1590 esse
1331 1558 1550 1590 venturum.

226 1620 388 1668 Angunt
420 1632 483 1657 me
516 1618 784 1657 dubitationes
812 1626 925 1665 tuae,
964 1617 1079 1655 simul
1109 1625 1147 1655 et
1176 1617 1285 1655 vides
1319 1629 1416 1666 quas
1447 1629 1554 1654 acce-

225 1683 349 1732 perim
378 1678 534 1721 litteras.
595 1684 699 1721 Nam
734 1696 831 1732 quas
866 1681 1083 1721 Hermonis
1122 1681 1362 1720 centurionis
1396 1682 1554 1719 caculae

227 1747 311 1797 ipse
332 1748 467 1787 scribis
488 1755 526 1786 te
547 1748 704 1786 dedisse
725 1761 805 1786 non
832 1747 978 1797 accepi.
1039 1747 1161 1785 Laeni
1182 1746 1311 1797 pueris
1338 1754 1376 1784 te
1397 1746 1554 1785 dedisse

168 1827 207 1860 25
230 1826 345 1862 saepe
370 1815 421 1852 ad
452 1827 515 1852 me
545 1813 762 1863 scripseras.
824 1815 901 1851 Eas
931 1812 1152 1851 Laodiceae
1182 1811 1364 1861 denique,
1388 1825 1478 1849 cum
1506 1824 1554 1849 eo

227 1878 433 1925 venissem,
476 1891 522 1916 111
559 1880 655 1917 Idus
691 1879 874 1917 Februar.
908 1877 1079 1917 Laenius
1111 1877 1207 1915 mihi
1238 1877 1410 1932 reddidit
1443 1878 1554 1915 datas

227 1956 259 1981 a.
296 1945 333 1981 d.
370 1955 398 1981 X
436 1945 524 1981 Kal.
557 1943 752 1983 Octobris.
812 1943 961 1982 Laenio
993 1951 1078 1981 tuas
1113 1941 1479 1980 commendationes
1514 1948 1553 1979 et

228 2008 358 2046 statim
378 2008 506 2047 verbis
533 2016 571 2046 et
597 2008 747 2058 reliquo
767 2016 944 2058 tempore
973 2022 1013 2046 re
1042 2008 1230 2058 probabo.
1291 2008 1373 2045 Eae
1402 2006 1551 2044 litterae
1569 2015 1593 2053 5

228 2081 357 2111 cetera
393 2081 524 2111 vetera
561 2074 771 2120 habebant,
805 2086 929 2111 unum
966 2074 1043 2111 hoc
1082 2085 1229 2110 novum
1269 2072 1319 2110 de
1358 2070 1552 2119 Cibyratis

167 2151 208 2182 30
228 2137 437 2188 pantheris.
498 2139 671 2175 Multum
701 2145 739 2176 te
767 2151 858 2176 amo
892 2138 1001 2187 quod
1032 2136 1268 2186 respondisti
1300 2138 1356 2174 M.
1386 2134 1553 2174 Octavio

277 2253 289 2272 r
317 2243 415 2272 datae
432 2240 610 2280 Hosmann
627 2252 634 2272 t
657 2240 690 2271 id
708 2244 759 2270 est
776 2239 818 2269 M
916 2249 955 2277 13
981 2239 1047 2269 Sed
1065 2239 1123 2269 del.
1148 2239 1278 2268 Ernesti
1378 2247 1416 2277 14
1441 2237 1554 2277 Cogor

229 2290 264 2315 ut
291 2285 488 2315 Lelmnum:
520 2295 623 2324 cogor
645 2290 678 2314 et
702 2284 743 2314 M
917 2293 953 2321 17
979 2283 1043 2312 crit
1074 2293 1102 2313 v.
1125 2293 1147 2313 ι’.
1181 2277 1225 2311 ΖῙ)
1254 2282 1364 2313 Crat.:
1400 2292 1465 2311 om.
1498 2284 1552 2311 ΣΔ

230 2340 272 2359 20
297 2329 400 2358 illud:
433 2329 614 2358 confirmas
651 2326 840 2367 Wesenberg
948 2335 986 2355 21
1013 2336 1087 2355 esse
1115 2325 1142 2355 C
1162 2325 1243 2355 Ant.
1270 2324 1382 2355 FNP:
1408 2325 1478 2355 sore
1502 2329 1553 2354 A:

229 2373 295 2403 sel.
318 2372 447 2402 Ernesti
554 2381 595 2409 23
621 2370 806 2400 Hermonis
822 2394 829 2400 .
849 2393 856 2400 .
878 2393 885 2400 .
906 2369 1041 2400 caculae
1059 2369 1130 2407 ipse
1151 2369 1359 2399 Gronovius:
1384 2367 1552 2398 Hermoni

260 2441 267 2446 .
288 2440 295 2447 .
316 2416 435 2445 canule
455 2415 526 2454 ipse
543 2415 602 2444 M:
629 2414 797 2445 Hermoni
815 2438 822 2444 .
843 2437 851 2446 .
869 2437 876 2445 .
897 2412 1039 2444 Canulei
1057 2412 1176 2443 liberto
1192 2412 1310 2443 Lamb.
1417 2413 1459 2442 28
1484 2411 1553 2442 Eae

230 2459 349 2490 Rom.:
376 2460 418 2489 hc
437 2458 516 2490 M²z
541 2469 606 2489 om.
628 2456 685 2487 M²
