1790 2837
691 142 1014 181 PRAEFATIO

189 253 373 293 Lambini
407 261 445 292 et
484 252 578 291 Bosi
617 265 663 290 ex
697 253 733 289 Z
760 251 1085 290 adnotationibus
1123 266 1278 292 summa
1315 253 1518 304 diligentia

187 328 226 358 et
256 319 388 358 subtili
418 317 566 356 iudicio
596 316 779 355 disseruit
810 318 1019 355 Lehmann
1050 317 1122 368 (op.
1152 320 1212 357 cit.
1243 332 1307 369 pp.
1340 318 1515 370 85-118)

187 385 255 424 ubi
282 398 362 435 quo
381 383 507 434 pretio
526 383 805 422 adnotationes
824 382 1000 433 singulae
1019 383 1287 422 aestimandae
1306 384 1383 423 sint
1409 398 1519 424 mon—

187 450 329 488 stravit.
398 448 608 487 Lectiones
641 461 664 486 a
698 447 896 486 Lambino
930 462 976 487 ex
1008 449 1045 487 Z
1073 448 1307 487 nominatim
1344 452 1518 500 prolatae

190 514 269 566 (Zs)
287 523 324 553 et
344 514 385 552 in
406 513 581 553 editione
601 513 746 564 prima1
763 521 801 552 et
820 513 861 551 in
877 513 1052 553 editione
1068 515 1264 552 secunda²
1280 522 1408 553 certae
1428 522 1519 553 sunt

188 580 337 620 codicis
366 579 581 618 lectiones:
620 578 810 617 lectiones
840 593 886 617 ex
914 586 1044 618 vetere
1073 579 1213 619 codice
1234 579 1285 630 (v.
1312 579 1370 631 a),
1400 593 1518 630 quem

189 645 366 697 plurimis
396 644 519 684 locis³
547 645 584 683 Z
607 644 727 683 fuisse
756 644 835 683 veri
864 644 1107 683 simillimum
1137 652 1206 692 est,
1235 645 1274 683 in
1304 644 1519 695 marginem

189 711 373 750 editionis
404 711 603 749 secundae
631 711 851 757 translatae,
879 709 1122 760 ubicumque
1152 723 1242 748 cum
1271 711 1307 748 L
1337 709 1522 762 (marg.)⁴

189 776 425 815 coniunctae
458 782 560 823 sunt,
595 788 721 826 paene
754 782 893 823 certae,
929 789 1020 814 cum
1055 775 1273 814 Lambinus
1306 775 1462 826 plurimi
1491 776 1527 814 Z

191 842 348 881 fecerit:
378 841 568 879 lectiones
594 854 630 879 v.
652 854 679 879 c.
702 842 818 887 solae,
842 854 1083 890 quamquam
1111 848 1154 879 ut
1179 854 1226 879 ex
1245 842 1281 879 Z
1295 841 1522 879 hauriantur

192 906 273 945 fieri
302 914 442 957 potest,
475 913 608 944 tamen
638 913 729 944 sunt
759 905 921 944 minoris
952 906 1067 944 fidei:
1107 907 1177 945 sed
1206 906 1396 945 lectiones
1424 906 1521 956 siglo

191 974 226 1011 L
247 971 405 1023 (marg.)
426 973 511 1010 solo
531 978 690 1010 notatae
711 978 749 1009 et
768 972 906 1009 Lamb.
929 970 1073 1022 (textus
1092 971 1277 1010 editionis
1301 971 1524 1010 Lambinia-

193 1051 267 1077 nae
287 1039 348 1076 vel
369 1036 555 1075 Lambini
576 1035 843 1088 coniecturae)
859 1038 973 1075 valde
992 1036 1173 1084 incertae,
1192 1051 1283 1075 cum
1305 1037 1523 1075 Lambinus

192 1103 231 1141 in
270 1102 506 1141 coniecturis
543 1101 734 1140 faciendis
768 1109 806 1140 et
844 1102 966 1140 textui
1004 1102 1264 1141 obtrudendis
1302 1102 1376 1141 sibi
1409 1103 1523 1141 valde

194 1169 423 1218 indulgeret.
484 1169 546 1206 De
574 1167 668 1205 Bosi
697 1166 856 1217 ingenio
883 1167 1066 1206 mendaci
1092 1167 1185 1206 satis
1212 1167 1398 1206 omnibus
1427 1174 1523 1206 noto

194 1247 274 1273 non
302 1241 360 1272 est
381 1234 489 1284 quod
510 1235 741 1283 loquamur:
771 1233 841 1271 sed
862 1246 953 1271 eum
974 1232 1013 1270 in
1034 1232 1270 1272 lectionibus
1290 1231 1525 1271 Tornesiani

194 1299 395 1338 tradendis
419 1300 652 1349 plerumque
679 1311 822 1348 magna
845 1297 1032 1347 religione
1053 1298 1110 1349 (in
1136 1298 1312 1337 editione
1335 1311 1406 1337 sua
1430 1299 1523 1337 anni

199 1363 316 1415 1580)
351 1363 475 1414 egisse
509 1362 646 1402 docuit
680 1364 799 1402 Clark
833 1363 906 1414 (op.
936 1365 994 1402 cit.
1026 1377 1062 1414 p.
1099 1362 1215 1415 198)3
1253 1376 1383 1413 neque
1415 1364 1526 1403 aliter

194 1430 434 1468 iudicaverat
468 1430 677 1467 Lehmann
709 1428 781 1479 (op.
812 1430 870 1467 cit.
902 1442 938 1479 p.
975 1428 1077 1480 112),
1110 1428 1178 1479 qui
1210 1428 1447 1467 lectionibus
1478 1443 1524 1468 ex

195 1497 230 1534 Z
254 1510 277 1534 a
308 1494 428 1533 Bosio
457 1494 617 1544 prolatis
645 1490 743 1545 (Zb),
774 1494 805 1533 si
833 1494 918 1533 aliis
950 1495 1116 1533 testibus
1142 1496 1249 1533 velut
1275 1493 1324 1533 Zl
1349 1496 1410 1533 vel
1438 1508 1472 1533 v.
1495 1508 1521 1533 c.

195 1567 231 1599 et
255 1563 289 1599 L
311 1559 469 1611 (marg.)
491 1561 551 1597 vel
578 1573 613 1598 v.
635 1573 660 1597 c.
690 1561 751 1598 vel
782 1561 818 1599 C
839 1561 899 1598 vel
932 1561 1039 1599 Crat.
1071 1561 1131 1598 vel
1170 1561 1225 1598 W
1241 1561 1301 1598 vel
1331 1561 1360 1601 Σ
1387 1561 1523 1598 confir-

196 1633 362 1672 mantur,
385 1624 491 1663 credi
518 1631 698 1674 oportere
727 1624 890 1671 censuit,
913 1620 966 1662 Zb
995 1624 1088 1662 solis
1117 1632 1250 1663 tamen
1278 1624 1523 1674 aliquantum

196 1691 457 1730 diffidendum
474 1690 496 1728 ⁵.
556 1689 645 1727 Tali
679 1691 801 1728 modo
834 1703 924 1727 cum
958 1689 1235 1728 adnotationes
1264 1689 1439 1739 singulae
1474 1691 1524 1729 de

197 1758 232 1795 Z
255 1755 525 1794 aestimandae
554 1754 643 1802 sint,
676 1762 714 1793 et
745 1768 835 1792 cum
870 1755 1089 1793 Lambinus
1127 1762 1165 1793 et
1200 1754 1342 1793 Bosius
1376 1754 1460 1805 (qui
1494 1756 1529 1794 Z

198 1820 353 1872 plurimi
375 1819 594 1871 habebant)
615 1820 805 1859 lectiones
825 1820 1019 1870 graviores
1040 1820 1169 1859 omnis
1190 1820 1396 1870 diligenter
1414 1822 1524 1859 adtu—

198 1887 287 1925 lisse
307 1885 514 1924 videantur
533 1884 599 1935 (cf.
623 1886 740 1925 Clark
760 1892 816 1934 op.
839 1887 897 1924 cit.
919 1899 957 1936 p.
981 1884 1085 1936 207),
1109 1898 1210 1935 quae
1232 1885 1346 1923 fuerit
1371 1885 1525 1925 indoles

198 1951 346 1991 codicis
373 1964 612 2001 cognoscere
637 1964 860 2000 possumus.
918 1950 1117 2002 Epistulas
1141 1951 1193 1989 ad
1216 1950 1393 1989 Atticum
1423 1953 1526 1989 solas

243 2055 253 2075 ¹
280 2056 340 2087 Ed.
358 2055 465 2095 prima
482 2056 607 2095 prodiit
627 2057 719 2095 1565,
742 2057 836 2094 1566.

245 2102 255 2117 ²
282 2100 342 2130 Ed.
363 2100 513 2130 secunda
536 2100 661 2138 prodiit
681 2109 773 2139 1572,
792 2105 825 2130 et
850 2099 996 2138 repetita
1019 2098 1081 2129 suit
1107 2109 1201 2138 1577,
1221 2099 1305 2138 1580
1322 2099 1420 2135 (haec
1444 2099 1526 2130 mihi

200 2149 333 2186 praesto
351 2145 453 2180 erat),
474 2144 567 2182 1581,
591 2144 673 2182 1584
690 2144 732 2173 ab
749 2143 826 2174 aliis
842 2148 917 2182 post
934 2147 1075 2173 mortem
1096 2143 1247 2173 Lambini
1267 2143 1382 2184 (1572)
1401 2148 1523 2175 curata.

245 2188 256 2205 ³
282 2188 350 2218 Sed
366 2197 433 2217 non
452 2187 607 2217 omnibus
622 2187 688 2218 vid.
706 2188 781 2218 adn.
799 2188 840 2217 ad
856 2187 923 2218 xvi.
943 2197 993 2226 15.
1009 2196 1039 2225 5.

244 2230 254 2248 4
279 2231 376 2269 Quae
392 2235 473 2261 nota
490 2230 616 2261 indicat
640 2230 673 2260 in
698 2231 846 2261 editione
868 2231 1016 2261 secunda
1035 2231 1119 2261 hanc
1134 2230 1314 2261 lectionem
1330 2241 1349 2261 a
1368 2230 1527 2261 Lambino

199 2275 421 2315 approbatam
438 2275 553 2306 fuisse.

247 2320 257 2336 ⁵
284 2318 468 2354 Interdum,
490 2319 544 2348 ubi
563 2322 702 2358 propter
720 2318 875 2348 Lambini
892 2323 925 2349 et
943 2317 1024 2348 Bosi
1048 2317 1311 2348 consensionem
1335 2317 1427 2348 nulla
1451 2327 1526 2348 esse

201 2367 316 2402 potest
334 2362 496 2393 dubitatio
514 2373 600 2402 quae
618 2362 744 2394 codicis
757 2362 958 2393 Tornesiani
977 2361 1076 2393 suerit
1094 2361 1204 2401 lectio,
1217 2362 1300 2401 siglo
1312 2361 1343 2391 Z
1358 2362 1430 2393 solo
1447 2372 1526 2393 usus

201 2416 285 2438 sum.
