1817 2832
680 513 853 552 LIBER
883 513 1145 562 QVARTVS

670 618 773 665 AD
826 618 924 666 AT
931 617 1165 666 TICVM

288 732 312 768 Ῑ
548 733 617 765 Ser.
638 734 768 766 Romae
784 734 867 766 med.
886 745 932 767 m.
949 734 1037 775 Sept.
1058 744 1089 766 a.
1111 734 1174 774 697
1192 733 1278 775 (57).

667 811 841 843 CICERO
867 812 1038 843 ATTICO
1066 811 1162 843 SAL.

208 904 226 932 1
301 891 397 929 CVM
418 889 587 940 primum
611 891 782 929 Romam
803 890 893 928 veni
915 890 1065 940 fuitque
1090 889 1153 928 cui
1173 897 1277 928 recte
1303 889 1355 928 ad
1375 896 1412 927 te
1433 887 1578 927 litteras

245 955 393 1003 darem,
427 954 525 993 nihil
556 955 661 1005 prius
700 955 927 994 faciendum
967 955 1063 993 mihi
1097 954 1230 1005 putavi
1269 968 1389 1004 quam
1427 962 1470 992 ut
1508 953 1578 991 tibi

244 1019 398 1058 absenti
430 1021 481 1059 de
514 1020 642 1058 reditu
677 1027 811 1059 nostro
844 1021 1064 1070 gratularer.
1126 1021 1351 1069 Cognoram
1386 1018 1505 1066 enim,
1536 1025 1578 1056 ut
1598 1035 1615 1067 5

204 1087 207 1096 '
244 1099 333 1123 vere
355 1085 538 1133 scribam,
559 1093 597 1123 te
624 1085 663 1122 in
689 1085 862 1124 consiliis
891 1084 987 1122 mihi
1012 1086 1153 1124 dandis
1178 1097 1252 1123 nec
1278 1084 1478 1123 fortiorem
1505 1097 1578 1122 nec

245 1150 540 1200 prudentiorem
562 1164 681 1200 quam
703 1164 765 1189 me
782 1150 911 1200 ipsum
933 1164 1006 1188 nec
1027 1149 1145 1188 etiam
1166 1163 1237 1200 pro
1264 1149 1471 1199 praeterita
1491 1162 1579 1187 mea

246 1215 285 1253 in
307 1223 344 1254 te
366 1215 614 1254 observantia
634 1215 800 1253 nimium
818 1215 857 1253 in
874 1215 1055 1254 custodia
1071 1214 1205 1254 salutis
1221 1228 1332 1253 meae
1349 1214 1577 1264 diligentem

246 1282 516 1330 eundemque·
538 1288 585 1328 te,
621 1280 688 1331 qui
722 1281 856 1331 primis
892 1280 1136 1331 temporibus
1175 1280 1311 1319 erroris
1351 1279 1472 1318 nostri
1510 1286 1578 1317 aut

247 1346 376 1396 potius
404 1346 541 1385 furoris
571 1346 766 1397 particeps
794 1354 832 1385 et
859 1346 943 1385 falsi
969 1346 1119 1385 timoris
1146 1346 1276 1385 socius
1304 1345 1453 1392 fuisses,
1476 1358 1579 1383 acer·
1600 1362 1638 1385 10

247 1412 407 1450 bissime
445 1412 658 1450 discidium
696 1420 874 1451 nostrum
915 1412 1048 1451 tulisse
1092 1411 1385 1462 plurimumque
1423 1424 1576 1461 operae,

178 1526 180 1528 q
246 1477 364 1525 studi,
395 1477 633 1527 diligentiae,
663 1478 807 1516 laboris
836 1479 887 1516 ad
918 1477 1212 1516 conficiendum
1242 1476 1411 1516 reditum
1444 1490 1578 1515 meum

175 1533 177 1540 Α
203 1554 227 1581 2
246 1542 470 1581 contulisse.
531 1544 671 1592 Itaque
701 1544 777 1581 hoc
808 1542 878 1580 tibi
908 1556 997 1581 vere
1025 1543 1202 1589 adfirmo,
1233 1542 1273 1580 in
1305 1541 1474 1580 maxima
1505 1543 1579 1580 lae-

144 1600 148 1602 *
245 1607 329 1645 titia
360 1614 398 1646 et
428 1607 721 1657 exoptatissima
751 1607 1010 1657 gratulatione
1045 1621 1168 1645 unum
1207 1608 1258 1645 ad
1292 1607 1577 1645 cumulandum

244 1671 433 1722 gaudium
471 1679 730 1722 conspectum
768 1680 835 1710 aut
874 1672 1005 1722 potius
1044 1673 1295 1722 complexum
1334 1670 1430 1709 mihi
1465 1678 1576 1709 tuum
1600 1686 1635 1718 15

245 1736 427 1776 defuisse.
487 1738 618 1785 Quem
646 1738 767 1775 semel
789 1744 927 1774 nactus
949 1736 980 1774 si
1006 1750 1194 1786 umquam
1226 1735 1412 1775 dimisero
1437 1749 1482 1774 ac
1503 1735 1575 1773 nisi

244 1801 361 1840 etiam
380 1800 672 1851 praetermissos
689 1802 835 1839 fructus
853 1808 941 1839 tuae
958 1801 1158 1839 suavitatis
1178 1800 1374 1851 praeteriti
1391 1800 1577 1850 temporis

244 1866 373 1905 omnis
403 1878 578 1915 exegero,
601 1867 777 1915 profecto
807 1867 881 1904 hac
912 1866 1157 1904 restitutione
1187 1867 1366 1904 fortunae
1399 1879 1462 1904 me
1494 1865 1577 1919 ipse

246 1945 327 1969 non
348 1930 440 1968 satis
461 1930 623 1979 dignum
645 1929 840 1969 iudicabo.

203 2008 228 2045 3
303 1997 386 2034 Nos
420 1996 561 2042 adhuc,
594 1994 633 2032 in
668 2002 802 2033 nostro
837 2002 938 2033 statu
971 1996 1080 2045 quod
1113 1995 1341 2033 difficillime
1373 1994 1576 2045 reciperari
1599 2012 1637 2033 20

247 2074 363 2111 posse
386 2059 559 2097 arbitrati
587 2073 736 2106 sumus,
758 2061 1009 2109 splendorem
1038 2067 1214 2098 nostrum
1243 2059 1351 2097 illum
1380 2061 1576 2098 forensem

246 2134 284 2165 et
305 2126 343 2163 in
365 2133 502 2164 senatu
523 2125 795 2164 auctoritatem
817 2133 855 2163 et
876 2126 982 2175 apud
1003 2124 1104 2163 viros
1122 2126 1249 2163 bonos
1270 2125 1431 2175 gratiam
1455 2124 1576 2174 magis

290 2241 306 2269 7
333 2241 394 2260 nec
413 2228 513 2260 MZl:
538 2240 590 2260 me
608 2229 788 2268 qumautz
877 2239 938 2268 pro
957 2229 1138 2268 praeterita
1161 2240 1233 2259 mea
1255 2230 1285 2259 in
1309 2234 1341 2259 te
1363 2229 1576 2260 observantia

244 2274 390 2304 Hosius:
429 2279 567 2313 propter
600 2274 661 2312 (bvel
689 2274 885 2312 propterea)
917 2283 1023 2302 meam
1051 2274 1083 2302 in
1116 2277 1149 2303 te
1182 2273 1430 2303 obseivantiam
1462 2273 1575 2303 codd:

246 2323 387 2356 propter
404 2328 511 2347 meam
529 2317 562 2347 in
580 2324 613 2347 te
631 2317 913 2346 inobservantiam
927 2315 1066 2354 Madwjg
1178 2327 1216 2347 10
1241 2317 1352 2355 potius
1368 2316 1555 2358 Stephanus
1570 2328 1577 2347 z

246 2362 349 2391 totius
371 2360 459 2391 codd.
616 2360 744 2390 timoris
769 2360 871 2390 Pius:
897 2359 997 2389 moris
1023 2359 1115 2397 ZD:
1143 2360 1285 2389 rumoris
1314 2359 1354 2388 M
1487 2362 1525 2390 16
1548 2360 1576 2390 si

247 2414 394 2444 unquam
412 2404 600 2435 Mcnlzner:
627 2409 695 2434 tum
714 2414 813 2443 quam
832 2404 885 2434 [ΙΙΙ
901 2415 906 2434 ;
934 2413 1103 2442 nunquam
1124 2402 1263 2434 Μ’·ἐΟΝ
1276 2403 1380 2433 Bardi
