1817 2832
626 107 739 145 EPP.
771 108 849 145 AD
880 108 1138 147 ATTICVM
1491 109 1562 148 VI.
1585 110 1630 147 iii

294 218 408 255 Haec
439 223 552 264 sunt;
600 216 718 255 etiam
757 217 863 256 illud.
934 217 1161 257 Orationem
1197 220 1244 268 Q.
1284 218 1430 258 Celeris
1469 219 1564 258 mihi
1585 231 1630 259 10

237 280 354 320 velim
388 281 519 319 mittas
551 290 687 320 contra
722 284 777 320 M.
815 282 1030 321 Servilium.
1091 283 1257 322 Litteras
1296 284 1406 323 mitte
1444 298 1562 335 quam

237 346 433 396 primumj
479 346 510 384 si
549 347 656 394 nihil,
694 349 799 385 nihil
832 347 912 386 fieri
946 350 1007 387 vel
1045 362 1114 399 per
1151 356 1262 387 tuum
1302 350 1558 389 tabellarium.

236 410 358 450 Piliae
387 419 425 450 et
455 411 556 451 filiae
587 414 762 451 salutem.
823 414 927 453 Cura
956 421 998 451 ut
1027 415 1166 453 valeas.

277 529 345 565 IV
467 533 535 566 Scr.
554 535 589 566 in
606 535 713 565 itinere
722 535 827 576 paulo
837 538 913 576 post
926 535 1015 566 Nou.
1032 536 1108 568 Iun.
1126 547 1157 568 a.
1181 547 1241 577 704
1262 538 1339 578 (50).

647 621 823 653 CICERO
846 621 1019 654 ATTICO
1045 622 1142 655 SAL.

283 711 321 748 T
323 723 453 748 arsum
468 709 647 749 venimus
669 709 796 748 Nonis
825 709 958 749 Iuniis.
1019 710 1082 749 Ibi
1103 724 1166 750 me
1191 713 1313 750 multa
1336 720 1553 760 moverunt,
1576 725 1594 752 1

231 789 417 826 magnum
438 775 478 813 in
508 775 615 825 Syria
646 775 802 823 bellum,
827 789 968 826 magna
987 775 1027 814 in
1058 776 1196 816 Cilicia
1225 777 1436 825 latrocinia,
1460 778 1556 816 mihi

230 841 397 880 difficilis
431 841 529 880 ratio
566 840 877 888 administrandi,
912 842 1020 891 quod
1058 855 1205 892 paucos
1244 843 1327 881 dies
1359 843 1556 882 habebam

172 921 212 944 10
230 905 400 955 reliquos
438 905 559 944 annui
599 905 781 953 muneris,
816 905 913 945 illud
951 914 1083 944 autem
1122 906 1409 956 difficillimum,
1445 909 1556 947 relin-

229 971 411 1020 quendus
450 977 530 1008 erat
564 984 610 1008 ex
648 978 805 1008 senatus
844 973 1025 1010 consulto
1064 971 1131 1021 qui
1169 980 1375 1022 praeesset.
1445 973 1555 1011 Nihil

229 1035 358 1073 minus
378 1034 534 1085 probari
560 1042 712 1084 poterat
732 1048 851 1085 quarn
873 1044 1057 1085 quaestor
1088 1036 1314 1076 Mescinius.
1375 1039 1479 1076 Nam
1504 1040 1554 1077 de

228 1100 366 1139 Coelio
396 1099 492 1137 nihil
522 1099 791 1138 audiebamus.
852 1100 1133 1139 Rectissimum
1163 1101 1369 1140 videbatur
1397 1104 1552 1141 fratrem

226 1178 316 1203 curn
344 1164 508 1214 imperio
538 1164 756 1214 relinquere
771 1179 781 1212 3
820 1164 859 1202 in
889 1179 969 1215 quo
999 1167 1122 1204 multa
1151 1168 1326 1214 molesta,
1356 1167 1551 1206 discessus

168 1244 205 1277 15
225 1237 367 1278 noster,
389 1229 483 1268 belli
512 1229 739 1280 periculum,
770 1229 938 1269 militum
968 1230 1211 1281 improbitas,
1239 1240 1417 1270 sescenta
1445 1247 1552 1282 prae-

224 1303 338 1333 terea.
398 1295 434 1333 O
459 1308 541 1333 rem
571 1301 694 1333 totam
724 1295 927 1334 odiosam!
985 1297 1063 1334 Sed
1091 1297 1188 1335 haec
1216 1298 1371 1335 fortuna
1397 1297 1546 1344 viderit,

223 1359 412 1409 quoniam
433 1359 598 1397 consilio
620 1373 700 1397 non
722 1361 889 1397 multum
911 1360 967 1398 uti
988 1360 1088 1399 licet.

275 1426 338 1462 Tu
367 1425 527 1474 quando
559 1426 730 1462 Romam
761 1426 888 1462 salvus
918 1432 961 1463 ut
990 1438 1104 1474 spero
1133 1425 1285 1473 venisti,
1311 1426 1477 1474 videbis,
1505 1434 1547 1465 ut
1566 1437 1590 1464 2

221 1491 336 1538 soles,
364 1489 497 1528 omnia
526 1502 627 1539 quae
656 1488 857 1538 intelleges
886 1496 1018 1528 nostra
1047 1489 1244 1537 interesse,
1276 1490 1466 1540 imprimis
1496 1493 1546 1530 de

162 1571 202 1594 20
220 1555 350 1593 Tullia
371 1568 471 1602 mea,
492 1554 602 1592 cuius
630 1555 680 1592 de
706 1554 941 1593 condicione
971 1554 1066 1604 quid
1088 1554 1183 1592 mihi
1210 1557 1381 1604 placeret
1410 1555 1546 1606 scripsi

218 1620 270 1658 ad
290 1619 515 1658 Terentiam
547 1632 637 1657 cum
665 1625 706 1656 tu
737 1617 776 1655 in
799 1618 963 1656 Graecia
989 1632 1094 1657 esses
1109 1633 1118 1666 3
1148 1619 1293 1657 deinde
1318 1620 1369 1658 de
1395 1621 1545 1658 honore

217 1692 363 1723 nostro.
423 1685 545 1733 Quod
576 1683 682 1722 enim
717 1690 759 1721 tu
790 1683 933 1732 afuisti,
964 1697 1099 1722 vereor
1132 1691 1175 1723 ut
1213 1683 1304 1723 satis
1339 1684 1545 1735 diligenter

217 1756 348 1788 actum
377 1749 417 1787 in
447 1756 585 1787 senatu
615 1748 663 1787 sit
693 1749 744 1787 de
772 1748 908 1786 litteris
938 1748 1046 1787 meis,

271 1815 376 1852 Illud
406 1821 605 1864 praeterea
633 1814 906 1863 μυστικώτερον
933 1814 986 1852 ad
1014 1821 1052 1851 te
1081 1813 1261 1862 scribam,
1293 1822 1335 1854 tu
1366 1815 1541 1864 sagacius
1563 1824 1586 1861 3

158 1894 196 1927 25
215 1878 441 1917 odorabere.
500 1881 574 1928 Τῆς
599 1879 782 1928 δάμαρτός
801 1897 872 1929 μου
899 1880 918 1917 ὁ
944 1879 1188 1929 ἀπελεύθερος
1209 1879 1338 1931 (οἷο-θα
1363 1879 1404 1919 ὃν
1426 1880 1540 1933 λέγω)

215 1944 318 1989 ἔδοξέ
334 1961 398 1994 μοι
416 1945 552 1993 πρώην,
571 1945 611 1990 ἐξ
630 1944 678 1983 ὧν
698 1945 966 1997 ἀλογευόμενος
985 1945 1278 1997 παρεφθέγγετο,
1292 1947 1542 1995 πεφυρακέναι

212 2010 277 2049 τὰς
296 2010 445 2059 ψήφους
473 2012 513 2046 ἐκ
532 2011 596 2058 τῆς
624 2011 715 2059 ὠνῆς
733 2013 806 2048 τῶν
833 2011 1072 2061 ὑπαρχόντων
1096 2013 1169 2049 τῶν
1190 2014 1256 2049 τοῦ
1283 2012 1540 2061 Κροτωνιάτου

212 2075 509 2124 τυραννοκτόνου.
566 2075 725 2113 Δέδοικα
748 2076 792 2124 δὴ
821 2076 873 2125 μή
892 2093 928 2114 τι
948 2077 1122 2126 ῒνοήσῃς.
1179 2075 1274 2116 ET&
1295 2076 1412 2126 δήπου
1431 2080 1540 2116 τοῦτο

213 2139 257 2189 δὴ
276 2140 592 2191 περισκεψάμενος
610 2141 656 2178 τὰ
678 2142 792 2178 λοιπὰ
813 2142 1080 2189 ἐξασφάλισαι.
1136 2141 1229 2178 Non
1257 2154 1360 2190 queo
1385 2148 1537 2179 tantum

254 2254 274 2284 3
299 2245 380 2275 nihil
408 2244 483 2276 add.
512 2245 635 2276 Bosius
809 2256 826 2285 7
853 2246 1006 2276 venimus
1033 2244 1156 2277 M¹W2
1190 2246 1268 2276 veni
1298 2245 1380 2277 CM2
1415 2246 1532 2278 Lamb.

214 2298 253 2318 10
277 2288 422 2327 reliquos
452 2288 512 2318 W:
537 2289 670 2328 aliquos
694 2287 736 2318 M
867 2299 901 2319 11
928 2289 988 2330 ex]
1012 2289 1064 2319 hic
1078 2289 1194 2320 desinit
1212 2288 1258 2318 W
1377 2291 1415 2320 16
1438 2290 1503 2321 hoc
1518 2290 1540 2320 I

210 2341 250 2369 27
275 2332 416 2362 alterum
434 2331 496 2361 τῶν
513 2331 588 2363 add.
613 2331 801 2374 Wesenberg
911 2333 952 2363 28
976 2331 1019 2372 μή
1036 2344 1066 2364 τι
1084 2333 1119 2364 οὐ
1144 2331 1268 2374 νοήσῃς.
1325 2331 1359 2365 ἓν
1390 2332 1510 2365 Lamb.
1528 2345 1536 2364 ;

209 2374 252 2414 μή
269 2386 298 2404 τι
314 2374 428 2415 νοήσῃ.
475 2375 516 2406 εἷς
539 2375 715 2407 Lehmann

252 2427 315 2449 cic.
335 2428 382 2449 An
398 2428 471 2450 ΛΠ.
1407 2419 1448 2451 13
