1817 2832
191 159 237 196 V.
257 169 286 195 x
660 157 717 196 M.
747 156 917 194 TVLLI
948 156 1255 195 CICERONIS

286 269 370 308 Etsi
400 270 498 308 haec
528 268 612 318 ipsa
642 269 724 306 fero
754 267 940 317 equidem
971 269 1110 315 fronte,
1132 275 1175 306 ut
1203 275 1312 319 puto,
1335 276 1373 307 et
1400 270 1509 307 vultu
1537 269 1618 308 bel-

284 333 430 372 lissime
461 334 531 371 sed
555 346 677 383 angor
704 332 852 370 intimis
881 332 1085 380 sensibus3
1115 332 1168 371 ita
1195 335 1318 372 multa
1341 335 1402 372 vel
1429 333 1617 373 iracunde

284 400 344 436 vel
372 398 586 436 insolenter
606 399 667 435 vel
695 397 734 434 in
760 396 869 435 omni
896 411 1039 447 genere
1067 399 1183 435 stulte
1213 397 1360 437 insulse
1383 400 1617 448 adroganter

283 470 321 501 et
341 462 526 502 dicuntur
546 470 585 500 et
605 469 783 500 tacentur
804 461 950 500 cotidie
964 476 974 509 3
1004 475 1106 512 quae
1126 476 1208 501 non
1229 476 1308 513 quo
1330 470 1368 501 te
1388 464 1513 501 celem
1534 477 1615 502 non

281 527 481 578 perscribo
515 528 585 565 sed
624 526 716 577 quia
750 528 993 576 δυο-εξείλητα
1024 534 1124 565 sunt.
1200 528 1340 576 Itaque
1371 527 1615 567 admirabere
1636 538 1653 570 5

281 606 410 630 meam
440 593 637 642 βαθύτητα
670 605 762 630 cum
797 591 892 630 salvi
923 591 1178 639 redierimus3
1213 599 1321 630 tanta
1350 591 1446 629 mihi
1476 594 1615 643 μελέτη

280 657 395 695 huius
425 656 575 695 virtutis
605 658 729 695 datur.

238 734 263 769 4
335 724 437 772 Ergo
459 723 556 760 haec
578 735 737 772 quoque
758 722 949 760 hactenus
966 736 975 769 3
1004 721 1075 760 etsi
1097 720 1193 759 mihi
1214 721 1312 759 nihil
1333 728 1414 760 erat
1440 721 1615 773 proposi-

279 793 362 824 tum
390 788 441 825 ad
471 786 737 834 scribendum,
766 786 858 836 quia
887 786 983 836 quid
1013 800 1156 836 ageres,
1180 786 1248 824 ubi
1279 793 1465 825 terrarum
1493 801 1608 834 esses,

278 865 327 890 ne
367 851 594 902 suspicabar
632 851 805 901 quidem.
878 853 964 889 Nec
995 852 1155 890 hercule
1194 865 1384 901 umquam
1423 859 1503 889 tam
1542 852 1610 891 diu
1634 868 1671 889 10

278 916 433 966 ignarus
455 930 583 955 rerum
600 930 777 955 mearum
798 916 864 963 fui,
880 916 976 966 quid
993 917 1043 954 de
1061 915 1250 964 Caesaris,
1267 916 1363 966 quid
1379 917 1429 955 de
1448 916 1610 955 Milonis
1635 961 1643 970 ¹

279 981 506 1020 nominibus
522 988 654 1020 actum
672 980 720 1019 sit
735 996 745 1028 3
764 994 810 1019 ac
827 995 907 1019 non
925 982 1046 1019 modo
1063 994 1181 1019 nemo
1198 982 1321 1019 domo
1335 983 1402 1018 sed
1413 995 1463 1019 ne
1481 983 1612 1020 Roma

277 1046 439 1096 quidem
465 1045 686 1096 quisquam,
709 1053 751 1084 ut
772 1045 959 1084 sciremus
987 1045 1026 1084 in
1048 1059 1087 1084 re
1111 1045 1271 1096 publica
1299 1046 1395 1096 quid
1420 1054 1606 1097 ageretur.

276 1113 366 1160 Qua
400 1126 439 1151 re
469 1111 501 1150 si
533 1111 629 1162 quid
660 1111 730 1150 erit
760 1112 869 1161 quod
899 1111 998 1149 scias
1028 1112 1078 1149 de
1107 1111 1153 1149 iis
1183 1112 1299 1149 rebus
1327 1125 1424 1161 quas
1451 1112 1608 1162 putabis

275 1177 373 1216 scire
395 1191 458 1216 me
477 1178 588 1224 velle,
611 1190 679 1228 per
700 1176 796 1214 mihi
817 1184 969 1226 gratum
991 1176 1062 1214 erit
1083 1175 1115 1214 si
1140 1175 1179 1214 id
1201 1176 1345 1215 curaris
1367 1178 1417 1215 ad
1443 1191 1506 1215 me
1525 1192 1608 1228 per·
1631 1192 1666 1223 15

274 1243 491 1281 ferendum.

230 1313 255 1351 5
329 1307 438 1355 Quid
473 1313 531 1346 est
559 1309 788 1357 praeterea?
845 1306 954 1345 Nihil
985 1321 1077 1345 sane
1108 1306 1181 1345 nisi
1217 1307 1324 1346 illud.
1384 1309 1512 1346 Valde
1542 1322 1606 1347 me

272 1373 454 1411 Athenae
482 1374 726 1411 delectarunt
753 1372 849 1410 urbe
879 1373 1082 1411 dumtaxat
1109 1379 1147 1410 et
1176 1372 1282 1410 urbis
1310 1380 1542 1411 ornamento
1567 1380 1606 1411 et

271 1436 478 1475 hominum
499 1451 632 1476 amore
653 1437 692 1475 in
714 1445 751 1476 te
772 1445 810 1476 et
831 1437 870 1475 in
892 1450 964 1475 nos
986 1438 1157 1487 quadam
1180 1437 1480 1486 benevolentia3
1509 1439 1604 1479 †sed

271 1504 438 1540 multum
461 1516 506 1541 ea
535 1502 786 1553 philosophia
814 1515 967 1540 sursum
996 1503 1217 1550 deorsum†‚
1242 1502 1273 1541 si
1301 1503 1462 1553 quidem
1485 1511 1542 1541 est
1563 1503 1603 1541 in
1625 1520 1664 1541 20

270 1568 412 1614 Aristo,
431 1569 537 1617 apud
559 1581 677 1617 quem
699 1581 814 1606 eram.
859 1569 964 1605 Nam
982 1570 1192 1606 Xenonem
1215 1575 1326 1605 tuum
1343 1570 1403 1606 vel
1424 1576 1602 1606 nostrum

269 1632 398 1684 potius
430 1632 582 1681 Quinto
616 1646 899 1679 concesseram,
933 1640 971 1670 et
1006 1640 1138 1670 tamen
1171 1640 1328 1683 propter
1359 1632 1600 1671 vicinitatem

315 1747 329 1767 1
355 1741 390 1767 ut
408 1741 489 1776 puto
508 1737 564 1768 del.
577 1736 765 1776 ll'esenhmg
873 1736 1058 1767 bellissime
1078 1736 1280 1767 Ascensius:
1304 1736 1400 1766 bellis
1418 1736 1503 1768 codd.
1517 1737 1602 1768 Boot

268 1791 288 1820 3
304 1781 407 1813 stulte
421 1780 556 1813 CRav.:
576 1781 738 1812 stultitiae
752 1779 792 1809 M
847 1780 973 1810 insulse
984 1784 1070 1811 velt:
1090 1780 1208 1810 insulsi
1222 1779 1280 1810 M:
1307 1780 1455 1810 insulsae
1472 1781 1598 1811 Wesen-

267 1825 342 1864 berg
404 1825 610 1863 adroganter
625 1827 715 1855 vett.:
739 1824 948 1862 adrogantur
965 1823 1052 1856 codd,
1072 1823 1203 1853 Sclticlze
1290 1835 1309 1862 4
1334 1825 1474 1854 alim-mn
1492 1835 1560 1855 non
1575 1828 1599 1857 Σ

269 1868 356 1899 Crat.
368 1882 374 1900 z
387 1879 451 1899 om.
468 1868 509 1897 M
573 1878 591 1907 5
610 1869 815 1907 δυσεξείλητα
827 1867 950 1897 Baiter:
971 1870 1288 1897 ATCCEKIAAHTA
1301 1867 1351 1898 M:
1372 1868 1599 1908 δυσεκλάλητα

272 1911 440 1942 Turnebus
453 1911 593 1942 Gnrlitt:
618 1910 817 1941 δυσέκλεκτα
833 1910 980 1941 Scln‘clze:
1006 1910 1064 1940 alis
1074 1911 1139 1940 alia
1276 1921 1314 1941 12
1340 1912 1439 1941 domo
1449 1911 1598 1951 Kayser:

267 1956 367 1985 modo
392 1954 449 1985 M:
476 1965 626 1985 meorum
649 1954 798 1985 Schiche:
827 1965 895 1984 non
921 1954 1020 1984 modo
1046 1965 1143 1984 nemo
1168 1955 1268 1984 modo
1292 1954 1349 1986 del.
1371 1954 1491 1985 Gm'lz'lt
1511 1958 1546 1984 nt
1560 1967 1600 1986 ex

265 1998 485 2038 dz'llograplzia
508 1999 557 2029 vel
574 1999 683 2038 polius
708 1998 919 2038 tritograpln'a
945 1997 1115 2027 verborum
1142 2008 1183 2027 ne
1210 1998 1318 2028 Roma
1335 2002 1444 2028 ortum
1535 2000 1597 2030 sed

266 2042 339 2072 add.
361 2046 430 2072 velt.
523 2042 645 2081 Roma]
665 2053 780 2072 rumor
797 2042 928 2072 Schiche
945 2040 1066 2070 lllt‘iller
1156 2050 1193 2079 13
1210 2042 1400 2082 quisquam]
1419 2042 1596 2081 quisquam

266 2086 395 2115 curavit
419 2085 498 2117 cont'.
531 2085 742 2126 [Vesenhergt
767 2086 945 2124 quicquam
969 2083 1098 2114 Schiche
1233 2087 1271 2115 18
1296 2087 1376 2116 urbe
1400 2085 1442 2115 M
1464 2096 1593 2127 marg:

265 2130 364 2160 turbe
382 2128 540 2160 MRom.
633 2134 832 2159 ornamento
856 2128 1060 2168 Wescnbmg:
1099 2138 1168 2158 —um
1195 2128 1250 2160 M:
1277 2140 1310 2159 -a
1334 2129 1467 2159 Ernesti
1556 2140 1595 2170 19

265 2183 380 2204 amore
414 2173 462 2204 C:
497 2183 629 2203 amores
662 2172 704 2202 M
834 2176 866 2201 et
881 2172 925 2202 C:
945 2182 1010 2202 om.
1025 2171 1065 2200 M
1157 2172 1274 2202 Totum
1300 2173 1406 2202 locum
1432 2173 1513 2203 urbe
1532 2196 1538 2203 .
1559 2198 1564 2204 .
1585 2197 1591 2204 .

266 2216 505 2247 benevolentia
524 2220 560 2246 ut
581 2215 768 2256 lVesenbng
783 2215 945 2246 dedimus.
994 2215 1210 2246 Manutmsct
1219 2215 1408 2246 Lambz'nus
1423 2217 1499 2246 lmec
1512 2216 1595 2247 dant

267 2261 381 2290 turbae,
401 2261 575 2291 dumtaxat
594 2265 628 2290 et
647 2260 737 2290 urbis
757 2263 990 2289 ornamentum
1017 2263 1050 2288 et
1068 2259 1239 2289 hominum
1257 2270 1390 2290 amores
1407 2264 1439 2290 et
1458 2261 1491 2290 in
1510 2265 1541 2290 te
1559 2265 1593 2290 et

268 2304 301 2334 in
332 2314 392 2334 nos
415 2305 581 2343 quaedam
603 2303 843 2335 benevolentia
977 2312 1019 2332 20
1043 2304 1197 2343 multum]
1226 2304 1329 2333 multa
1354 2304 1388 2333 in
1411 2305 1489 2334 com'.
1510 2303 1597 2333 Reid

267 2347 323 2387 ea]
346 2352 513 2378 commeat
534 2347 722 2387 ll'esenbetg
732 2347 800 2377 coll.
817 2345 858 2377 N.
871 2346 914 2377 D.
931 2345 964 2376 ii.
982 2347 1024 2384 84
1039 2357 1045 2375 :
1072 2351 1161 2376 meat
1179 2348 1358 2387 (glossema
1380 2347 1491 2376 scilicet
1512 2347 1594 2377 vocis

264 2392 325 2428 ῥεῖ)
358 2391 493 2430 {vrrs-ll:
529 2395 620 2421 errat
646 2391 694 2421 vel
719 2390 824 2420 simile
849 2389 930 2429 qnid
953 2390 1029 2420 toni.
1059 2389 1200 2420 Miillcr:
1230 2390 1312 2428 sort.
1339 2389 1394 2419 νέα
1418 2390 1467 2420 vel
1492 2391 1510 2430 ἡ
1537 2389 1593 2421 νέα

263 2444 316 2474 20,
337 2445 375 2464 21
402 2435 429 2465 si
447 2435 526 2474 quid
545 2439 606 2473 cst,
628 2439 678 2464 cst
697 2434 729 2464 in
747 2433 863 2464 Aristo
885 2432 963 2465 Vict.
981 2433 1031 2463 De
1045 2433 1160 2463 Aristo
1176 2433 1214 2473 cf.
1241 2434 1330 2466 Tusc.
1348 2444 1378 2465 V.
1398 2443 1439 2463 22
