1817 2832
148 115 306 154 V11.ix
628 120 683 156 M.
716 120 884 157 TVLLI
916 120 1222 159 CICERONIS

302 251 368 286 IX
487 254 556 286 Scr.
578 255 611 286 in
628 255 810 286 Formiano
827 268 846 287 v
861 261 922 287 ant
938 257 967 288 iv
983 256 1026 289 K.
1045 258 1118 289 Ian.
1140 269 1169 289 a.
1193 267 1254 299 704
1273 257 1355 300 (50).

664 343 836 375 CICERO
858 344 1041 375 ATTICO
1064 344 1171 376 SAL.

224 443 240 470 1
316 431 569 471 ‘Cotidiene’
599 431 729 483 inquis
760 436 802 471 ‘a
830 440 867 471 te
893 433 1148 483 accipiendae
1176 433 1326 473 litterae
1352 436 1492 473 sunt?'
1550 436 1589 475 Si

259 497 416 535 habebo
438 497 500 535 cui
521 498 623 544 dem,
648 497 802 536 cotidie.
868 500 941 536 ‘At
962 499 1038 537 iarn
1060 499 1143 549 ipse
1168 501 1287 538 ades.’
1343 501 1448 537 Tum
1476 500 1590 550 igitur

259 574 349 599 cum
381 575 525 600 venero
559 562 748 601 desinam.
821 565 930 601 Vnas
969 564 1085 603 video
1123 565 1220 602 mihi
1258 579 1281 603 a
1313 572 1351 603 te
1390 578 1471 602 non
1506 578 1590 604 esse
1611 580 1627 611 5

259 626 431 665 redditas
467 640 564 676 quas
595 628 638 665 L.
662 627 874 676 Quinctius
904 628 1102 667 familiaris
1133 643 1243 668 meus
1273 644 1364 668 curn
1395 632 1508 668 ferret
1539 632 1590 669 ad

216 701 240 727 2
260 691 419 729 bustum
442 691 561 729 Basili
581 694 805 731 vulneratus
833 701 870 731 et
891 693 1132 744 despoliatus
1159 702 1229 733 est.
1288 694 1455 733 Videbis
1476 694 1591 745 igitur

259 770 354 793 num
375 756 472 806 quid
499 757 612 795 fuerit
633 757 673 795 in
698 757 743 795 iis
765 759 872 807 quod
897 771 961 796 me
988 758 1085 797 scire
1106 772 1205 808 opus
1233 759 1281 797 sit
1308 767 1347 797 et
1373 759 1489 797 simul
1513 761 1590 798 hoc

257 822 516 872 διευκρινήσεις
534 824 744 872 πρόβλημα
764 836 857 861 sane
877 825 1080 862 πολιτικόν.
1138 825 1242 863 Cum
1263 824 1311 862 Sit
1338 838 1500 862 necesse
1523 832 1589 862 aut

256 886 391 925 haberi
413 887 590 926 Caesaris
612 887 803 926 rationem
826 887 891 925 illo
919 887 1131 926 exercitum
1152 890 1212 926 vel
1233 902 1302 938 per
1328 896 1508 927 senatum
1529 890 1588 927 vel
1612 904 1650 925 10

256 965 323 1001 per
353 951 530 990 tribunos
560 954 610 1002 pl.
634 953 849 1000 obtinente,
872 961 939 990 aut
965 953 1191 1003 persuaderi
1212 953 1370 993 Caesari
1394 962 1437 992 ut
1463 955 1590 992 tradat

257 1017 498 1067 provinciam
525 1026 644 1068 atque
671 1018 883 1057 exercitum
911 1026 949 1057 et
978 1019 1032 1057 ita
1060 1020 1199 1058 consul
1229 1020 1305 1065 fiat,
1329 1026 1405 1066 aut,
1429 1018 1461 1056 si
1487 1018 1528 1057 id
1555 1018 1589 1056 ei

258 1096 338 1120 non
372 1084 663 1132 persuadeatur,
698 1083 833 1122 haberi
873 1084 1033 1122 comitia
1072 1084 1155 1122 sine
1194 1084 1296 1122 illius
1335 1083 1485 1122 ratione
1523 1083 1590 1122 illo

258 1147 429 1197 patiente
449 1156 568 1198 atque
589 1148 793 1187 obtinente
814 1149 1067 1199 provinciam,
1091 1157 1167 1196 aut,
1191 1149 1222 1187 si
1249 1162 1317 1199 per
1338 1149 1515 1187 tribunos
1537 1151 1585 1199 pl.

259 1226 338 1250 non
360 1213 528 1262 patiatur
548 1219 585 1251 et
601 1222 734 1252 tamen
755 1214 942 1263 quiescat,
966 1229 1047 1253 rem
1067 1214 1213 1253 adduci
1239 1215 1289 1252 ad
1311 1214 1586 1263 interregnum,
1612 1230 1648 1261 15

257 1285 334 1324 aut,
376 1278 407 1316 si
452 1279 504 1317 ob
543 1293 630 1316 eam
669 1293 828 1317 causam
868 1281 977 1329 quod
1016 1280 1114 1318 ratio
1153 1279 1235 1317 eius
1274 1293 1355 1317 non
1399 1279 1590 1317 habeatur

257 1343 469 1380 exercitum
493 1345 676 1390 adducat,
699 1344 816 1382 armis
842 1358 932 1382 cum
963 1358 1010 1383 eo
1039 1345 1290 1391 contendere,
1313 1344 1423 1382 illum
1453 1352 1586 1382 autem

255 1407 409 1445 initium
431 1409 557 1446 facere
584 1422 781 1447 armorum
803 1417 869 1447 aut
896 1409 1027 1447 statim
1055 1409 1171 1448 nobis
1197 1408 1326 1447 minus
1353 1409 1495 1459 paratis
1522 1418 1589 1448 aut

256 1480 338 1509 tum
369 1486 459 1510 cum
488 1473 657 1512 comitiis
686 1474 822 1512 amicis
843 1474 926 1512 eius
953 1474 1243 1525 postulantibus
1274 1482 1315 1512 ut
1337 1488 1358 1512 e
1380 1476 1464 1524 lege
1490 1475 1587 1513 ratio

254 1538 444 1575 habeatur
472 1538 722 1588 impetratum
752 1553 833 1577 non
861 1539 919 1587 sit,
944 1540 998 1578 ire
1022 1548 1154 1578 autern
1181 1541 1232 1578 ad
1255 1553 1363 1577 arma
1389 1547 1456 1577 aut
1485 1541 1586 1578 hanc
1608 1555 1648 1576 20

254 1616 373 1640 unam
395 1604 447 1641 ob
468 1617 626 1641 causam
648 1605 756 1653 quod
777 1604 875 1643 ratio
903 1619 983 1643 non
1012 1606 1202 1643 habeatur
1221 1612 1288 1642 aut
1311 1604 1446 1641 addita
1470 1618 1586 1642 causa

254 1667 284 1705 si
302 1669 398 1705 forte
420 1667 598 1705 tribunus
615 1670 664 1717 pl.
684 1676 863 1706 senatum
887 1669 1108 1719 impediens
1125 1677 1190 1707 aut
1208 1670 1397 1718 populum
1419 1668 1586 1706 incitans

253 1740 410 1770 notatus
441 1740 508 1770 aut
540 1741 697 1771 senatus
730 1736 912 1772 consulto
955 1735 1271 1784 circumscriptus
1309 1741 1375 1771 aut
1410 1734 1586 1772 sublatus

253 1805 319 1835 aut
349 1799 531 1847 expulsus
553 1797 601 1835 Sit
631 1798 815 1837 dicensve
846 1813 886 1837 se
918 1802 1122 1850 expulsum
1144 1801 1195 1838 ad
1220 1800 1329 1837 illum
1355 1800 1582 1849 confugerit,

255 1870 438 1912 suscepto
458 1870 589 1900 autern
612 1864 716 1901 bello
736 1872 802 1902 aut
832 1867 1003 1903 tenenda
1023 1865 1070 1902 sit
1092 1866 1183 1903 urbs
1204 1872 1270 1902 aut
1298 1878 1343 1902 ea
1363 1864 1497 1902 relicta
1520 1864 1584 1903 ille
1606 1878 1642 1909 25

254 1935 478 1965 commeatu
509 1935 546 1965 et
576 1928 734 1978 reliquis
764 1929 888 1979 copiis
923 1930 1410 1979 intercludendus-quod
1443 1931 1583 1969 horum

253 1994 445 2030 malorum
479 2007 645 2043 quorum
677 1994 838 2044 aliquod
871 2003 974 2033 certe
1004 1996 1256 2033 subeundum
1287 2003 1344 2033 est
1376 1995 1582 2033 minimum

210 2071 233 2108 3
255 2066 376 2108 putes.
439 2059 557 2097 Dices
578 2061 754 2109 profecto
775 2060 997 2109 persuaderi
1025 2060 1077 2097 illi
1099 2068 1141 2098 ut
1162 2062 1287 2098 tradat
1314 2059 1524 2097 exercitum
1546 2067 1584 2098 et

252 2124 304 2161 ita
338 2126 476 2162 consul
509 2126 585 2162 fiat.
646 2127 716 2163 Est
751 2125 915 2163 omnino
950 2125 989 2163 id
1025 2126 1107 2163 eius
1147 2125 1257 2163 modi
1290 2133 1342 2171 ut,
1377 2125 1408 2163 si
1440 2125 1504 2163 ille
1535 2139 1583 2163 eo

250 2191 476 2237 descendat,
500 2198 636 2228 contra
656 2190 734 2228 dici
756 2190 851 2227 nihil
872 2189 1136 2240 possit'idque
1156 2204 1258 2238 eum,
1278 2190 1308 2228 si
1329 2204 1409 2228 non
1430 2190 1582 2228 obtinet
1603 2203 1643 2233 50

293 2304 309 2332 7
332 2293 540 2333 despoliatus
560 2293 646 2324 codd.
667 2297 794 2333 ,ὑπηοίη
808 2293 860 2323 ΛΙῙ
878 2306 885 2325 t
919 2295 1083 2334 spoliatus
1103 2296 1154 2326 M¹
1376 2299 1396 2328 8
1420 2299 1516 2329 simul
1537 2299 1581 2330 C:

249 2337 275 2366 si
302 2337 405 2367 multo
429 2337 538 2367 codd:
573 2338 672 2367 simul
698 2342 732 2367 tu
753 2337 850 2367 l2’1'ct.:
885 2339 996 2369 simitu
1022 2340 1178 2370 Bsi<l1eler
1389 2352 1426 2380 15
1453 2347 1485 2372 ct
1504 2342 1579 2372 add.

248 2379 366 2410 Lamb.
462 2390 497 2419 17
516 2384 589 2420 post
606 2381 707 2411 armis
724 2380 798 2411 add.
816 2391 876 2411 nos
894 2381 1084 2424 ll'csfnberg
1171 2385 1213 2414 26
1231 2385 1282 2415 dic
1300 2386 1388 2424 quod
1406 2385 1483 2416 coni.
1499 2386 1584 2416 Reid
