1817 2832
646 117 758 155 EPP.
790 117 868 154 AD
897 116 1158 156 ATTICVM
1501 115 1597 152 VII.
1622 114 1668 151 iii

238 226 368 264 libere.
429 227 507 265 Sed
529 240 578 265 ne
599 226 788 265 dubitaris
809 227 903 277 quin
926 228 1034 277 quod
1063 226 1266 265 honestius
1287 226 1327 265 id
1348 225 1443 264 mihi
1465 227 1562 264 futu-

237 305 322 329 rum
350 291 398 329 sit
427 291 635 341 antiquius.
696 293 800 330 Nam
830 293 939 342 quod
968 299 1082 341 putas
1109 291 1240 329 utilius
1270 305 1354 330 esse
1374 292 1434 330 vel
1465 290 1561 328 mihi
1581 296 1604 332 3

237 357 346 406 quod
367 356 487 394 tutius
515 356 562 394 sit
589 357 650 394 vel
679 356 796 394 etiam
827 364 869 394 ut
898 356 952 394 rei
981 356 1162 406 publicae
1186 357 1373 406 prodesse
1399 355 1557 405 possim,

236 434 299 459 me
329 435 414 459 esse
444 435 534 459 cum
564 421 739 471 imperio,
762 421 803 459 id
832 434 964 459 coram
994 420 1331 459 considerabimus
1361 422 1475 470 quale
1500 420 1557 458 sit.

197 499 215 530 5
238 486 373 524 Habet
404 485 508 524 enim
539 499 599 524 res
629 485 981 532 deliberationem3
1011 485 1082 523 etsi
1112 499 1158 523 ex
1188 493 1296 534 parte
1320 499 1462 535 magna
1491 485 1560 523 tibi

234 549 444 588 adsentior.
505 552 567 588 De
586 549 720 588 animo
743 557 875 588 autem
903 563 993 588 meo
1023 563 1112 599 erga
1132 563 1213 587 rem
1238 549 1437 599 publicam
1459 550 1560 587 bene

235 614 329 652 facis
352 615 461 663 quod
482 627 563 652 non
592 613 762 660 dubitas,
785 622 824 652 et
854 613 951 651 illud
979 614 1102 663 probe
1130 613 1279 651 iudicas
1309 627 1559 663 nequaquam

235 679 326 717 satis
356 692 426 729 pro
458 678 553 717 meis
578 678 724 725 officiis,
749 692 819 728 pro
849 678 970 728 ipsius
996 677 1035 715 in
1059 678 1157 716 alios
1178 677 1369 716 effusione
1390 678 1499 716 illum
1520 678 1559 716 in

235 758 298 782 me
320 744 521 782 liberalem
543 743 670 789 fuisse,
694 743 857 793 eiusque
878 743 931 781 rei
956 756 1115 781 causam
1135 756 1224 781 vere
1245 743 1427 793 explicas,
1451 751 1488 781 et
1505 743 1559 781 eis

177 823 214 844 10
233 822 334 858 quae
365 810 414 846 de
446 808 568 846 Fabio
596 808 845 857 Caninioque
874 816 961 846 acta
990 807 1125 846 scribis
1150 809 1263 846 valde
1292 807 1555 846 consentiunt.

235 875 349 922 Quae
380 873 410 911 si
441 886 553 911 secus
583 880 713 911 essent
743 880 950 922 totumque
981 886 1022 910 se
1054 872 1117 910 ille
1149 872 1189 909 in
1215 886 1277 910 me
1306 872 1555 922 profudisset,

233 946 364 976 tamen
386 937 449 975 illa
463 951 581 987 quam
597 937 733 976 scribis
747 946 879 976 custos
898 937 1004 975 urbis
1026 951 1088 975 me
1102 939 1322 987 praeclarae
1343 937 1557 987 inscriptio-

233 1002 292 1040 nis
322 1016 538 1040 memorem
569 1016 654 1040 esse
683 1010 839 1052 cogeret
859 1015 933 1040 nec
954 1001 1050 1039 mihi
1071 1003 1306 1040 concederet
1327 1010 1368 1040 ut
1389 1002 1558 1040 imitarer

232 1067 464 1105 Volcacium
485 1075 552 1105 aut
573 1066 750 1105 Servium
772 1066 914 1116 quibus
936 1074 977 1104 tu
1003 1080 1043 1104 es
1068 1074 1288 1113 contentus,
1312 1068 1381 1105 sed
1408 1067 1557 1116 aliquid

177 1144 213 1176 ¹5
233 1145 304 1170 nos
338 1133 453 1170 vellet
484 1131 599 1169 nobis
630 1130 794 1180 dignum
832 1139 870 1169 et
909 1130 1051 1169 sentire
1082 1138 1121 1169 et
1153 1132 1376 1169 defendere.
1437 1133 1558 1180 Quod

231 1196 391 1246 quidem
413 1210 578 1246 agerem,
601 1195 633 1234 si
653 1196 795 1243 liceret,
818 1195 895 1234 alio
916 1197 1037 1234 modo
1057 1209 1103 1234 ac
1123 1209 1229 1233 nunc
1250 1197 1447 1245 agendum
1469 1204 1538 1234 est.

285 1263 346 1299 De
368 1275 437 1299 sua
457 1261 633 1311 potentia
654 1260 843 1299 dimicant
870 1261 1051 1299 homines
1078 1262 1154 1299 hoc
1182 1268 1358 1311 tempore
1382 1261 1556 1311 periculo
1575 1277 1601 1313 4

229 1326 404 1365 civitatis.
465 1328 568 1363 Nam
601 1325 632 1363 si
663 1339 723 1363 res
757 1325 915 1375 publica
946 1325 1179 1371 defenditur,
1217 1339 1285 1363 cur
1315 1339 1362 1364 ea
1394 1328 1556 1365 consule

228 1390 304 1429 isto
329 1391 414 1441 ipso
444 1392 606 1429 defensa
632 1404 712 1428 non
742 1392 832 1429 est?
872 1403 939 1428 cur
966 1404 1038 1440 ego
1068 1390 1108 1427 in
1133 1389 1243 1428 cuius
1268 1404 1385 1428 causa
1408 1390 1462 1428 rei
1489 1404 1557 1441 pu-

170 1471 209 1493 20
229 1456 354 1494 blicae
384 1457 487 1493 salus
517 1455 755 1494 consistebat
785 1456 970 1494 defensus
1002 1463 1159 1504 postero
1188 1469 1293 1493 anno
1325 1469 1406 1493 non
1440 1459 1557 1494 sum?

228 1534 296 1559 cur
325 1520 531 1569 imperium
562 1520 616 1557 illi
648 1528 714 1558 aut
746 1533 815 1558 cur
842 1520 908 1558 illo
941 1521 1062 1558 modo
1091 1528 1342 1569 prorogatum
1372 1522 1460 1559 est?
1488 1534 1556 1559 cur

228 1593 338 1622 tanto
368 1598 484 1634 opere
514 1592 730 1634 pugnatum
761 1592 819 1622 est
848 1592 891 1623 ut
920 1585 970 1622 de
994 1584 1077 1622 eius
1103 1584 1277 1623 absentis
1309 1585 1458 1623 ratione
1492 1587 1556 1623 ha-

227 1648 358 1687 benda
378 1650 517 1687 decem
539 1649 684 1686 tribuni
708 1650 758 1699 pl.
783 1650 954 1687 ferrent?
1012 1648 1089 1686 His
1110 1649 1174 1687 ille
1194 1650 1310 1688 rebus
1334 1649 1387 1688 ita
1416 1664 1555 1689 conva-

226 1714 296 1751 luit
317 1721 358 1751 ut
379 1726 484 1751 nunc
505 1713 544 1751 in
565 1727 646 1751 uno
666 1714 740 1751 civi
761 1728 850 1764 spes
870 1715 921 1752 ad
937 1713 1198 1753 resistendum
1212 1714 1285 1762 sit3
1314 1715 1381 1765 qui
1398 1717 1554 1754 mallem

169 1789 205 1820 25
225 1785 352 1816 tantas
373 1777 407 1815 ei
428 1777 516 1815 viris
536 1791 616 1816 non
637 1778 811 1816 dedisset
832 1792 950 1828 quam
971 1792 1077 1817 nunc
1093 1786 1173 1817 tarn
1188 1780 1331 1818 valenti
1349 1780 1551 1819 resisteret.

226 1843 304 1882 Sed
323 1842 511 1892 quoniam
532 1855 591 1881 res
611 1856 659 1881 eo
679 1844 851 1881 deducta
871 1851 939 1891 est,
962 1857 1043 1882 non
1064 1857 1260 1893 quaeram,
1282 1852 1325 1883 ut
1345 1845 1492 1892 scribis,
1577 1863 1600 1899 5

517 1910 598 1945 Ποῦ
627 1909 773 1956 σκάφος
800 1910 842 1946 τὸ
870 1912 941 1947 τῶν
967 1909 1161 1958 Ἀτρειδῶν
1174 1927 1186 1953 ;

227 1972 323 2011 mihi
345 1973 492 2020 σκάφος
512 1986 635 2009 unum
652 1972 722 2010 erit
737 1974 845 2022 quod
865 1987 888 2011 a
910 1973 1102 2023 Pompeio
1115 1974 1406 2023 gubernabitur.
1451 1976 1555 2014 Illud

225 2036 355 2086 ipsum
403 2037 512 2085 quod
558 2036 628 2083 aiS,
678 2039 686 2055 ‘
701 2036 809 2085 Quid
859 2038 935 2084 fiet,
985 2051 1077 2075 cum
1126 2038 1197 2076 erit
1248 2038 1410 2086 dictum,
1461 2042 1553 2086 D1c‚

166 2113 206 2144 30
228 2102 283 2138 M.
307 2102 726 2150 TVLL1?'—o·15v†0,ua,
754 2102 851 2140 ‘CN.
876 2103 1068 2139 Pompmo
1089 2105 1350 2141 ADSENTIOR.’
1417 2105 1554 2154 Ipsum

269 2214 289 2243 3
312 2205 401 2243 quod
419 2204 468 2235 E:
494 2214 561 2242 quo
577 2203 665 2234 codd.
685 2207 748 2235 cett.
957 2205 978 2235 6
1001 2205 1174 2235 adsentior
1190 2205 1264 2238 M'2:
1289 2207 1444 2237 adsentio
1461 2207 1550 2239 codd.

226 2248 281 2279 vix
297 2252 381 2282 recte,
401 2247 458 2276 sed
471 2247 507 2286 cf.
525 2247 569 2277 ix.
585 2258 614 2285 9.
632 2258 644 2277 1
665 2251 693 2277 et
708 2248 796 2278 Neue
812 2249 819 2263 ‘
833 2247 1077 2278 Formenlelzre'
1105 2249 1168 2280 iii-³.
1183 2254 1217 2288 p.
1238 2260 1276 2288 19
1423 2261 1462 2281 10
1481 2256 1555 2291 post·

227 2291 444 2322 consentiunt
469 2289 606 2321 addend.
632 2301 719 2330 quae
742 2291 784 2321 de
809 2301 861 2321 me
882 2296 957 2321 acta
980 2297 1059 2322 sunt
1076 2293 1155 2322 coni.
1179 2291 1369 2334 lVesenbeaeg
1515 2305 1553 2334 19

226 2333 310 2374 isto]
336 2334 392 2364 illo
419 2333 449 2364 O
469 2333 656 2373 Wesenberg
793 2344 833 2372 24
858 2344 937 2373 spes
954 2358 961 2365 .
981 2359 988 2366 .
1017 2359 1024 2366 .
1056 2335 1100 2365 sit
1123 2335 1260 2374 Ernesti,
1286 2336 1322 2376 cf
1352 2347 1404 2369 xv.
1427 2347 1480 2369 20.
1511 2348 1553 2369 2:

228 2388 282 2409 res
300 2402 307 2408 .
327 2401 334 2409 .
357 2400 363 2407 .
382 2378 423 2407 sit
440 2376 527 2408 codd.
547 2389 554 2408 :
579 2377 667 2408 vires
684 2401 691 2409 .
712 2401 720 2409 .
741 2401 748 2409 .
766 2378 835 2408 sint
859 2377 978 2410 Klotz:
1001 2378 1053 2409 vis
1071 2402 1099 2410 ..
1120 2402 1128 2410 .
1147 2379 1191 2410 sit
1210 2378 1394 2411 Gronovius

271 2431 332 2452 exe.
352 2430 399 2451 AD
415 2429 489 2452 Αττ.
1426 2424 1466 2455 14
