1817 2832
637 138 751 176 EPP.
782 139 860 176 AD
890 138 1150 177 ATTICVM
1545 139 1591 176 V.
1611 149 1640 174 x

249 256 353 288 totos
383 248 467 288 dies
497 247 613 287 simul
642 262 806 288 eramus.
866 251 929 287 Tu
954 248 1071 287 velim
1101 262 1192 287 cum
1226 248 1396 299 primum
1431 249 1574 299 poteris

249 322 316 352 tua
337 313 500 352 consilia
518 315 569 352 ad
598 327 661 352 me
687 313 844 361 scribas,
867 321 910 351 ut
930 313 1050 351 sciam
1078 313 1173 363 quid
1194 327 1296 364 agaS‚
1321 313 1389 352 ubi
1416 326 1574 364 quoque

249 384 420 428 tmepore,
445 378 613 418 maxime
633 380 794 428 quando
816 380 969 417 Romae
989 380 1140 417 futurus
1161 378 1223 417 sis.

291 489 359 524 XI
533 492 600 524 Scr.
619 491 821 532 Atl1e1u'spr.
840 491 926 522 Non.
946 492 1058 531 Qm'nl.
1078 502 1109 523 a.
1131 501 1186 531 705
1206 492 1291 534 (51).

209 565 227 596 5
670 566 843 597 CICERO
868 565 1039 596 ATTICO
1066 565 1163 597 SAL.

303 639 400 686 Hui,
433 639 630 678 totiensne
663 652 725 677 me
759 638 903 676 litteras
935 638 1092 676 dedisse
1123 640 1305 685 Romam,
1338 652 1428 677 curn
1457 640 1509 678 ad
1537 647 1574 678 te
1595 648 1612 675 1

249 705 375 742 nullas
397 705 562 742 darem?
618 706 670 741 At
690 717 781 741 vero
808 704 974 753 posthac
1000 704 1139 740 frustra
1159 703 1289 753 potius
1317 704 1423 742 dabo
1444 717 1573 753 quam,

249 769 281 807 si
311 777 415 807 recte
445 768 527 806 dari
558 768 766 818 potuerint,
789 768 1035 806 committam
1064 776 1107 805 ut
1136 781 1217 806 non
1245 769 1347 806 dem.
1408 770 1469 806 Ne
1493 782 1576 818 pro—

248 833 377 871 vincia
404 833 518 871 nobis
546 840 784 883 prorogetur,
810 846 879 882 per
905 834 1103 871 fortunas!
1133 834 1229 871 dum
1257 834 1362 879 ades,
1387 833 1576 883 quicquid

191 912 231 935 10
250 897 443 948 provideri
465 899 611 948 poterit
636 897 809 947 provide.
870 899 963 937 Non
995 897 1073 936 dici
1106 905 1238 948 potest
1267 911 1386 947 quam
1418 900 1576 948 flagrem

249 963 445 1002 desiderio
467 963 582 1009 urbis,
606 977 724 1012 quam
745 963 808 1000 vix
828 964 965 1001 harum
986 976 1114 1001 rerum
1135 963 1394 1002 insulsitatem
1416 965 1546 1002 feram.

305 1030 516 1066 Marcellus
537 1029 652 1067 foede
680 1028 720 1066 in
741 1028 943 1067 Comensi.
1002 1028 1087 1066 Etsi
1111 1028 1175 1066 ille
1200 1029 1468 1078 magistratum
1495 1042 1576 1067 non
1595 1039 1619 1066 2

249 1101 429 1143 gesserat,
454 1100 534 1131 erat
563 1100 696 1131 tamen
724 1094 1041 1142 Transpadanus.
1103 1094 1165 1131 Ita
1194 1093 1291 1131 mihi
1318 1093 1470 1131 videtur
1496 1107 1576 1131 non

251 1158 380 1195 minus
402 1157 595 1196 stomachi
617 1165 750 1196 nostro
776 1171 892 1206 quam
913 1157 1070 1197 Caesari
1092 1157 1240 1196 fecisse.
1299 1160 1377 1197 Sed
1398 1160 1474 1197 hoc
1495 1158 1578 1208 ipse

194 1234 231 1267 15
251 1222 399 1260 viderit.
460 1221 672 1271 Pompeius
707 1221 803 1259 mihi
841 1235 1000 1271 quoque
1037 1221 1254 1269 videbatur,
1294 1225 1403 1272 quod
1442 1223 1621 1267 scribis3

251 1289 468 1325 Varronem
489 1286 629 1333 dicere,
646 1286 685 1324 in
704 1286 940 1336 Hispaniam
958 1294 1062 1325 certe
1078 1286 1210 1325 iturus.
1263 1288 1311 1326 Id
1327 1301 1400 1337 ego
1417 1288 1579 1326 minime

250 1351 492 1401 probabam3
522 1350 588 1401 qui
610 1350 772 1400 quidem
793 1351 1030 1400 Theophani
1050 1351 1162 1390 facile
1183 1352 1355 1402 persuasi
1376 1352 1473 1390 nihil
1493 1366 1578 1391 esse

250 1415 389 1453 melius
417 1429 535 1465 quam
564 1416 672 1454 illum
701 1430 896 1466 nusquam
922 1416 1135 1454 discedere.
1196 1418 1299 1466 Ergo
1325 1418 1497 1456 Graecus
1525 1418 1579 1456 in-

250 1481 421 1518 cumbet,
473 1482 588 1518 Valet
608 1488 740 1518 autem
761 1480 972 1533 auctoritas
991 1480 1075 1519 eius
1094 1482 1201 1531 apud
1221 1481 1330 1519 illum
1352 1482 1574 1532 plurimum.

192 1558 232 1580 20
305 1546 390 1594 Ego
423 1546 492 1582 has
522 1558 577 1595 pr.
607 1547 744 1583 Nonas
776 1545 963 1594 Quintilis
993 1545 1245 1595 proficiscens
1274 1546 1442 1584 Athenis
1471 1547 1576 1593 dedi,
1596 1551 1622 1587 4

250 1622 340 1647 cum
377 1609 431 1647 ibi
466 1610 604 1647 decem
638 1609 742 1659 ipsos
775 1610 935 1648 fuissem
970 1610 1066 1648 dies,
1125 1612 1297 1649 Venerat
1332 1611 1577 1661 Pomptinus,

250 1687 329 1711 una
363 1674 434 1712 Cn.
474 1673 686 1721 Volusius,
729 1675 863 1712 aderat
902 1682 1110 1724 quaestor3
1157 1682 1247 1714 tuus
1286 1689 1387 1714 unus
1426 1676 1580 1714 Tullius

249 1738 393 1775 aberat.
453 1739 654 1788 Aphracta
694 1739 943 1777 Rhodiorum
982 1747 1020 1777 et
1059 1739 1209 1778 dicrota
1248 1740 1578 1790 Mytilenaeorum

251 1803 447 1840 habebam
477 1811 515 1841 et
544 1802 692 1852 aliquid
723 1804 922 1843 ἐπικώπων.
982 1805 1045 1842 De
1074 1804 1227 1843 Parthis
1257 1813 1338 1843 erat
1366 1805 1574 1844 silentium.

194 1882 232 1913 25
254 1868 375 1915 Quod
405 1875 591 1917 superest,
622 1867 662 1906 di
692 1868 849 1906 iuvent!

308 1933 391 1969 Nos
421 1933 551 1970 adhuc
580 1932 652 1970 iter
680 1946 749 1982 per
779 1933 984 1972 Graeciam
1014 1948 1171 1973 summa
1198 1949 1289 1974 cum
1319 1936 1578 1974 admiratione
1597 1947 1620 1986 5

252 1995 425 2041 fecimus,
450 2010 522 2034 nec
544 2011 607 2035 me
632 1998 788 2036 hercule
816 1999 944 2037 habeo
971 2001 1080 2048 quod
1100 2001 1231 2038 adhuc
1252 2014 1370 2050 quem
1395 2015 1578 2040 accusem

254 2073 441 2098 meorum.
501 2061 696 2100 Videntur
734 2062 829 2100 mihi
868 2077 984 2101 nosse
1023 2072 1195 2102 nostram
1228 2079 1386 2103 causam
1419 2073 1456 2104 et
1490 2080 1580 2104 con-

254 2123 452 2162 dicionem
487 2126 739 2174 profectionis
779 2140 896 2174 suae,
936 2129 1052 2177 plane
1091 2129 1263 2167 serviunt
1302 2130 1581 2169 existimationi

302 2237 314 2256 1
341 2227 391 2256 Tu
408 2227 507 2257 velim
525 2227 628 2258 Boot:
655 2229 792 2259 invecim
812 2229 890 2260 M¹=
916 2230 1018 2260 iuncti
1033 2230 1087 2260 M2
1106 2242 1112 2261 :
1138 2231 1277 2262 iunctim
1296 2232 1340 2262 Z‘J
1558 2245 1578 2265 2

255 2271 382 2300 scribes
402 2270 503 2300 Orelli
609 2282 628 2310 3
652 2277 803 2311 tempore
828 2273 902 2303 add.
933 2273 1020 2304 Crat.
1124 2285 1162 2305 10
1187 2277 1311 2314 poterit
1335 2276 1410 2308 add.
1429 2277 1578 2309 Sclnclze:

256 2318 367 2352 potest
383 2313 458 2344 add.
477 2318 546 2345 vell.
683 2325 720 2354 13
745 2321 896 2354 gesserat
909 2315 1143 2357 Pantagallzus
1159 2330 1165 2349 ε
1189 2320 1335 2358 gesserit
1351 2320 1437 2351 codd.
1540 2332 1577 2361 14

255 2357 445 2429 quarnwrlrdd.
463 2356 652 2398 Mulaspsna
745 2360 783 2389 18
808 2360 898 2399 illud,
917 2371 1080 2400 nusquam
1098 2362 1161 2392 Leo
1293 2374 1334 2393 22
1359 2374 1423 2394 una
1436 2364 1556 2395 Bost'us
1571 2376 1578 2396 z

255 2410 331 2429 nam
349 2412 359 2428 A
