1790 2837
169 504 185 535 5

149 828 186 851 13

148 1564 186 1585 2]

628 124 740 162 EPP.
771 126 850 163 AD
879 126 1138 166 ATTICVM
1484 129 1560 166 III.
1580 138 1641 165 xx

206 232 386 271 universa
406 234 539 281 salute,
560 234 590 273 si
612 249 658 275 ea
678 238 799 276 modo
821 238 934 277 nobis
956 238 1190 287 restituetur,
1206 238 1361 278 inerunt
1382 239 1534 287 omnia3

206 311 252 336 ex
273 297 416 347 quibus
443 299 540 337 nihil
568 302 672 339 malo
694 315 811 351 quam
836 304 1011 341 domurn.
1072 305 1150 343 Sed
1171 304 1242 343 tibi
1266 304 1362 342 nihil
1387 306 1535 343 mando

205 362 451 411 nominatim,
476 373 602 403 totum
625 380 688 404 me
710 375 777 405 tuo
797 368 920 406 amori
942 368 1113 418 fideique
1134 371 1384 408 commendo.

261 430 382 477 Quod
409 438 446 468 te
473 430 512 468 in
540 439 647 469 tanta
676 433 891 471 hereditate
919 433 970 471 ab
999 433 1107 471 omni
1135 433 1394 484 occupatione
1423 447 1535 484 expe-

205 491 308 540 disti,
323 496 437 534 valde
459 496 554 534 mihi
575 505 725 546 gratum
747 506 815 536 est.
863 499 984 547 Quod
1005 500 1207 537 facultates
1229 506 1313 536 tuas
1333 500 1383 537 ad
1406 512 1533 536 meam

206 559 371 596 salutem
408 561 602 610 polliceris
637 569 679 599 ut
713 562 898 601 omnibus
933 563 1048 601 rebus
1083 577 1106 601 a
1137 570 1174 601 te
1203 571 1354 613 praeter
1385 571 1533 601 ceteros

206 621 323 670 iuver,
361 624 401 663 id
441 634 632 675 quantum
674 627 721 665 sit
761 627 998 678 praesidium
1037 628 1153 666 video
1194 628 1456 678 intellegoque
1497 636 1534 667 te

207 689 349 726 multas
379 691 497 740 partis
533 705 644 730 meae
673 692 807 730 salutis
837 701 874 731 et
904 692 1100 743 suscipere
1129 700 1167 731 et
1196 706 1311 742 posse
1343 692 1533 731 sustinere

206 766 336 802 neque
365 762 408 792 ut
435 755 489 794 ita
514 757 632 795 facias
659 759 876 807 rogandum
904 771 998 796 esse.
1060 758 1181 806 Quod
1209 771 1271 796 me
1295 765 1401 795 vetas
1429 757 1533 807 quic·
1551 768 1574 804 3

207 830 326 867 quarn
357 821 544 870 suspicari
573 822 762 861 accidisse
794 824 844 861 ad
877 823 1054 861 animum
1084 831 1195 861 tuum
1231 824 1338 872 quod
1370 836 1481 861 secus
1510 835 1532 859 a

206 895 270 920 me
295 897 384 934 erga
404 893 442 923 te
468 887 723 925 commissum
750 895 816 926 aut
836 887 1152 938 praetermissum
1173 887 1378 933 videretur,
1401 900 1532 937 geram

208 947 278 986 tibi
316 963 465 988 rnorem
500 959 537 990 et
564 952 759 991 liberabor
788 953 861 991 ista
894 967 996 1000 cura,
1020 952 1090 991 tibi
1118 960 1250 991 tamen
1278 966 1325 991 eo
1352 954 1438 1002 plus
1470 953 1534 990 de-

206 1011 312 1052 bebo
337 1027 416 1064 quo
441 1023 507 1054 tua
534 1016 573 1054 in
600 1030 664 1055 me
688 1017 911 1056 humanitas
938 1017 1051 1056 fuerit
1079 1017 1265 1056 excelsior
1289 1031 1407 1067 quam
1432 1016 1471 1054 in
1495 1024 1532 1055 te

206 1090 304 1116 mea.
359 1080 490 1118 Velim
511 1080 606 1131 quid
623 1081 765 1128 videas,
783 1082 878 1132 quid
899 1082 1110 1132 intellegas,
1129 1082 1225 1132 quid
1245 1090 1379 1132 agatur
1397 1083 1448 1120 ad
1470 1095 1532 1119 me

207 1142 352 1182 scribas
374 1151 542 1195 tuosque
563 1146 690 1184 omnis
711 1148 761 1185 ad
782 1155 955 1185 nostram
977 1149 1142 1185 salutem
1163 1148 1380 1185 adhortere.

262 1209 431 1259 Rogatio
453 1211 553 1248 Sesti
580 1224 709 1260 neque
734 1211 932 1261 dignitatis
959 1211 1050 1250 satis
1078 1212 1199 1250 habet
1225 1225 1298 1249 nec
1326 1211 1528 1249 cautionis.

207 1272 311 1310 Nam
343 1281 380 1312 et
410 1274 643 1313 nominatim
675 1275 763 1314 ferri
801 1283 955 1326 oportet
993 1283 1031 1314 et
1065 1277 1115 1314 de
1154 1275 1268 1313 bonis
1307 1275 1530 1325 diligentius

206 1336 335 1385 scribi,
356 1345 393 1376 et
420 1337 460 1376 id
483 1339 770 1378 animadvertas
790 1340 918 1379 velim.
977 1342 1081 1379 Data
1101 1352 1164 1377 1111
1188 1341 1325 1379 Nonas
1347 1339 1531 1379 Octobris

205 1402 521 1443 Thessalonicae.

248 1554 360 1590 XXI
482 1558 550 1591 Ser.
575 1559 814 1591 Thessalonicae
827 1572 847 1592 v
862 1561 907 1592 Κ.
928 1560 1012 1592 Nov.
1028 1572 1058 1593 a.
1080 1562 1144 1603 696
1158 1561 1171 1603 (
1178 1561 1247 1603 58).

619 1648 794 1680 CICERO
817 1649 990 1681 ATTICO
1017 1649 1114 1682 SAL.

258 1735 434 1786 Triginta
454 1736 538 1775 dies
565 1745 673 1775 erant
694 1737 767 1786 ipsi
794 1751 885 1775 cum
910 1738 979 1776 has
1007 1738 1151 1776 dabam
1177 1738 1322 1777 litteras
1342 1751 1411 1788 per
1431 1751 1531 1788 quos

204 1802 329 1839 nullas
349 1815 372 1839 a
391 1801 504 1840 vobis
527 1815 768 1852 acceperam.
828 1802 930 1840 Mihi
954 1810 1086 1840 autem
1111 1811 1192 1841 erat
1218 1802 1258 1840 in
1278 1803 1412 1841 animo
1438 1803 1527 1850 iam,

204 1873 247 1903 ut
272 1874 388 1904 antea
413 1867 463 1904 ad
493 1874 531 1904 te
557 1866 703 1916 scripsi,
726 1867 780 1904 ire
806 1867 844 1904 in
870 1867 1034 1916 Epirum
1059 1875 1097 1905 et
1124 1867 1177 1904 ibi
1207 1881 1367 1905 omnem
1395 1881 1529 1905 casum

206 1929 454 1980 potissimum
483 1939 719 1981 exspectare.
777 1933 837 1969 Te
861 1945 930 1969 oro
960 1939 1014 1978 ut,
1036 1931 1066 1968 si
1091 1931 1187 1981 quid
1214 1931 1284 1970 erit
1312 1933 1420 1981 quod
1448 1946 1530 1982 per·

204 1994 344 2044 spicias
375 2009 667 2045 quamcumque
698 1995 737 2033 in
769 2004 930 2046 partem,
963 2009 1081 2044 quam
1114 1995 1339 2045 planissime
1377 1998 1427 2034 ad
1465 2010 1529 2035 me

203 2059 348 2097 scribas
378 2068 416 2098 et
445 2074 535 2098 meo
561 2061 733 2107 nomine,
766 2069 808 2098 ut
842 2060 991 2107 scribis,
1022 2060 1165 2098 litteras
1197 2060 1340 2110 quibus
1371 2061 1527 2111 putabis

203 2137 302 2174 opus
323 2138 408 2163 esse
429 2132 471 2163 ut
491 2126 571 2164 des.
631 2127 735 2164 Data
755 2138 780 2162 v
803 2127 890 2163 Kal.
914 2125 1162 2163 Novembris.

251 2237 289 2267 15
312 2229 439 2259 scribas
455 2233 598 2268 tuosque
614 2230 722 2259 omnis
741 2229 787 2259 C:
822 2229 1014 2268 scribasque
1034 2228 1142 2259 omnis
1159 2228 1212 2258 M¹
1230 2240 1237 2259 τ
1260 2228 1389 2259 scribas
1404 2229 1526 2260 omnis-

203 2280 268 2310 que
295 2271 346 2301 Μ2
507 2273 545 2302 18
570 2276 603 2302 et
628 2273 693 2303 secl.
728 2271 917 2312 [Vescnlmg
1048 2272 1119 2312 1111]
1151 2281 1188 2302 VI
1214 2271 1346 2302 Scln‘clze
1486 2283 1527 2313 24

204 2324 318 2345 casum
339 2314 444 2345 Pius:
468 2324 600 2345 causam
627 2315 668 2345 M
808 2316 849 2346 28
872 2316 909 2357 v]
940 2325 965 2346 11
990 2314 1120 2346 Schiche
1216 2315 1299 2346 Post
1325 2315 1527 2347 Novembris

203 2357 280 2389 add.
300 2358 543 2389 Thessalonica
557 2357 673 2389 codices
689 2357 771 2389 Bosi

1401 2437 1439 2468 7*
