1817 2832
701 107 813 145 EPP.
845 107 923 144 AD
952 106 1211 146 ATTICVM
1461 107 1580 145 VIII.
1604 106 1664 144 xii
1679 118 1703 144 A

283 215 335 254 ad
365 216 406 253 P.
430 216 587 265 Lupum
617 223 656 254 et
685 216 729 256 C.
757 215 983 266 Coponium
1012 223 1209 266 praetores
1238 215 1326 254 misi
1355 222 1398 254 ut
1428 228 1469 254 se
1498 215 1610 254 vobis

284 280 567 331 coniungerent
586 289 624 320 et
645 281 812 320 militum
833 283 941 332 quod
961 282 1150 320 haberent
1170 283 1221 321 ad
1240 295 1310 320 vos
1330 282 1581 320 deducerent.

925 443 970 480 B.

514 545 585 577 Scr.
602 544 756 578 Lucem‘ae
771 545 808 577 iii
821 550 880 577 aut
888 545 975 587 prid.
995 545 1046 578 Id.
1063 546 1151 578 Febr.
1169 557 1198 577 a.
1220 556 1275 586 705
1292 546 1379 588 (49).

245 637 262 669 5
364 633 434 666 CN.
462 633 657 666 MAGNVS
683 634 881 666 PROCOS.
908 634 942 666 S.
970 634 1009 665 D.
1038 635 1074 666 L.
1103 634 1302 665 DOMITIO
1328 634 1524 666 PROCOS.

337 712 464 749 Valde
495 711 614 749 miror
646 719 684 750 te
712 713 763 750 ad
792 725 856 750 me
885 711 981 749 nihil
1015 711 1183 750 scribere
1212 719 1250 750 et
1279 712 1409 761 potius
1442 713 1492 750 ab
1523 711 1607 750 aliis
1626 721 1644 750 1

283 788 401 825 quam
422 789 445 814 a
470 783 508 814 te
532 777 582 814 de
608 790 648 814 re
673 776 832 826 publica
854 790 918 815 me
947 775 1150 814 certiorem
1180 776 1272 814 fieri.
1332 778 1417 814 Nos
1446 776 1608 816 disiecta

282 853 402 878 manu
431 854 542 890 pares
571 841 791 879 adversario
821 855 905 879 esse
931 855 1011 880 non
1038 855 1275 891 possumus3
1303 841 1512 879 contractis
1541 855 1609 880 no-

282 905 368 942 stris
407 905 530 956 copiis
561 919 674 956 spero
712 920 784 944 nos
816 914 854 944 et
887 906 941 945 rei
978 906 1159 956 publicae
1191 914 1228 944 et
1261 906 1462 944 communi
1493 906 1608 944 saluti

225 987 264 1009 10
283 972 470 1020 prodesse
507 985 633 1021 posse.
711 973 842 1020 Quam
887 972 940 1010 ob
984 985 1064 1010 rem
1110 985 1200 1010 cum
1246 971 1524 1018 constituisses,
1565 982 1608 1010 ut

282 1034 479 1073 Vibullius
513 1035 609 1073 mihi
647 1035 860 1086 scripserat,
891 1049 923 1074 a.
956 1037 992 1074 d.
1025 1048 1050 1072 v
1081 1037 1139 1074 Id.
1173 1036 1283 1074 Febr.
1314 1036 1489 1075 Corfinio
1523 1049 1608 1086 pro—

282 1098 403 1137 ficisci
437 1113 527 1138 eum
558 1100 727 1138 exercitu
758 1108 796 1138 et
829 1101 880 1139 ad
911 1113 974 1139 me
1007 1100 1149 1147 venire,
1183 1099 1300 1138 miror
1333 1099 1429 1149 quid
1466 1113 1607 1139 causae

280 1164 395 1203 fuerit
428 1179 505 1215 qua
543 1180 583 1204 re
621 1166 827 1204 consilium
862 1165 1032 1203 mutaris.
1094 1167 1196 1203 Nam
1232 1165 1296 1203 illa
1333 1179 1450 1203 causa
1488 1179 1607 1215 quam

281 1231 378 1270 mihi
398 1232 595 1270 Vibullius
625 1233 757 1271 scribit
783 1232 877 1270 Ievis
907 1240 976 1280 est,
999 1240 1036 1270 te
1065 1241 1270 1282 propterea
1300 1240 1492 1270 moratum
1523 1245 1607 1270 esse

226 1311 262 1343 15
282 1298 390 1346 quod
427 1296 597 1335 audieris
641 1298 849 1336 Caesarem
893 1296 1024 1334 Firmo
1062 1309 1308 1346 progressum
1346 1296 1386 1333 in
1425 1297 1606 1335 Castrum

281 1361 542 1399 Truentinum
573 1361 735 1400 venisse.
796 1362 957 1409 Quanto
994 1361 1100 1399 enim
1135 1360 1255 1410 magis
1293 1360 1607 1410 appropinquare

280 1426 522 1464 adversarius
560 1426 690 1476 coepit
734 1440 782 1464 eo
820 1426 891 1464 tibi
928 1425 1091 1464 celerius
1128 1427 1325 1476 agendum
1364 1433 1444 1464 erat
1489 1433 1531 1464 ut
1569 1434 1607 1465 te

280 1503 436 1529 mecum
466 1490 735 1541 coniungeres,
755 1491 861 1541 prius
890 1504 1008 1540 quam
1039 1492 1182 1529 Caesar
1210 1498 1277 1528 aut
1305 1498 1416 1528 tuum
1442 1490 1513 1529 iter
1538 1490 1607 1528 im-

278 1554 413 1605 pedire
441 1563 508 1593 aut
537 1569 600 1593 me
628 1556 698 1593 abs
728 1563 765 1594 te
794 1556 999 1593 excludere
1029 1563 1170 1604 posset.

221 1636 261 1658 20
334 1619 464 1667 Quam
499 1619 552 1657 ob
585 1633 666 1657 rem
698 1619 814 1657 etiam
846 1626 958 1668 atque
989 1619 1102 1657 etiam
1132 1627 1169 1657 te
1198 1632 1292 1669 rogo
1321 1627 1359 1657 et
1389 1620 1532 1667 hortor,
1565 1620 1605 1659 id
1624 1631 1647 1658 2

278 1684 387 1734 quod
414 1697 494 1722 non
523 1683 655 1722 destiti
684 1683 947 1734 superioribus
974 1684 1108 1722 litteris
1131 1697 1154 1721 a
1181 1692 1218 1722 te
1247 1692 1389 1734 petere,
1411 1693 1454 1722 ut
1480 1684 1606 1735 primo

278 1761 439 1798 quoque
469 1747 534 1786 die
568 1748 773 1786 Luceriam
810 1748 1024 1795 advenires,
1058 1758 1149 1786 ante
1187 1762 1306 1798 quam
1339 1748 1476 1798 copiae
1510 1763 1606 1799 quas

278 1811 445 1850 instituit
475 1813 619 1851 Caesar
648 1814 877 1851 contrahere
910 1812 950 1850 in
981 1826 1103 1850 unum
1138 1814 1268 1851 locum
1298 1821 1457 1851 coactae
1486 1827 1554 1852 vos
1584 1827 1607 1852 a

278 1876 394 1915 nobis
423 1876 650 1915 distrahant.
710 1878 788 1915 Sed
818 1876 850 1915 si
879 1885 991 1916 erunt
1021 1877 1088 1927 qui
1118 1885 1156 1915 te
1187 1877 1403 1927 impediant
1432 1886 1474 1916 ut
1497 1878 1606 1916 villas

221 1954 259 1986 25
279 1953 368 1979 suas
399 1948 562 1988 servent,
593 1954 763 1990 aequum
798 1948 855 1979 est
886 1955 949 1979 me
981 1955 1004 1979 a
1034 1949 1072 1979 te
1111 1941 1317 1991 impetrare
1354 1949 1397 1980 ut
1434 1943 1605 1981 cohortis

278 2019 380 2056 quae
408 2019 455 2044 ex
484 2005 631 2044 Piceno
657 2014 695 2044 et
723 2005 933 2044 Camerino
961 2014 1161 2054 venerunt,
1185 2020 1285 2057 quae
1314 2008 1489 2046 fortunas
1515 2021 1604 2047 suas

277 2069 529 2120 reliquerunt,
547 2071 598 2108 ad
620 2083 682 2108 me
703 2070 864 2108 missum
884 2070 1012 2108 facias.

323 2183 365 2204 20
388 2178 490 2213 atque
507 2173 605 2203 etiam
624 2173 698 2203 add.
719 2173 857 2204 Vrsinus
988 2184 1029 2204 22
1053 2175 1093 2204 ad
1115 2185 1167 2204 me
1185 2175 1319 2206 venires
1339 2175 1413 2206 Otto
1430 2175 1495 2206 coll.
1517 2187 1552 2206 11
1565 2186 1598 2215 Α,

283 2226 350 2247 12c
370 2226 451 2255 1‚3:
485 2217 646 2247 advenias
670 2216 821 2248 Muretus
960 2227 999 2256 27
1026 2218 1163 2248 missum
1189 2218 1290 2249 facias
1315 2218 1363 2258 M,
1391 2220 1424 2249 in
1448 2219 1602 2261 Pompeio

278 2260 486 2290 tolerandum
502 2271 510 2292 z
534 2261 651 2291 missas
670 2260 772 2291 facias
790 2259 907 2291 Lamb.
926 2259 1008 2290 Pius
