1790 2837
618 121 730 157 EPP.
763 120 840 157 AD
870 120 1130 160 ATTICVM
1469 120 1547 157 ΙΙΙ.
1566 130 1626 156 xv

205 234 292 282 plus
326 230 484 282 ingenio
517 232 674 269 valebas
713 244 831 281 quam
870 244 954 281 ego,
987 238 1091 270 certe
1124 230 1291 269 timebas
1326 230 1465 277 minus,
1500 230 1532 268 si

205 305 327 347 poteS,
361 296 464 347 erige
497 296 676 334 adflictos
710 304 748 334 et
782 296 821 333 in
852 309 900 334 eo
931 309 1002 334 nos
1034 295 1146 344 iuva;
1185 295 1244 334 sin
1276 296 1409 334 onmia
1442 303 1532 334 sunt

205 363 415 408 obstructa,
444 361 485 399 id
519 360 646 411 ipsum
680 362 740 399 fac
775 368 817 398 ut
847 360 1015 398 sciamus
1049 368 1087 398 et
1117 374 1189 399 nos
1219 360 1434 410 aliquando
1465 369 1532 399 aut

205 426 409 476 obiurgare
438 434 505 464 aut
532 426 793 465 communiter
819 426 1011 464 consolari
1041 425 1187 464 desine.
1248 428 1333 476 Ego
1362 426 1393 464 si
1423 434 1531 464 tuam

168 502 184 532 5
206 493 324 530 fidem
352 505 587 539 accusarem,
612 506 692 530 non
719 505 782 529 me
805 490 1053 541 potissimum
1075 490 1150 529 tuis
1171 491 1282 529 tectis
1307 493 1531 539 crederem;

205 571 334 595 meam
358 557 571 595 amentiam
601 570 744 595 accuso
769 557 876 606 quod
904 569 959 592 me
984 569 1007 593 a
1027 563 1064 594 te
1091 563 1244 593 tantum
1270 556 1390 594 amari
1412 570 1531 606 quan-

205 630 289 660 tum
321 636 394 673 ego
425 623 565 661 vellem
597 621 740 671 putavi.
801 622 921 670 Quod
953 620 985 659 si
1016 620 1162 667 fuisset,
1194 622 1313 659 fidem
1349 623 1527 668 eandem,

205 701 338 726 curam
366 687 553 725 maiorem
579 686 836 732 adhibuisses,
861 699 923 723 me
952 693 1056 723 certe
1082 686 1133 723 ad
1160 684 1318 723 exitium
1346 685 1531 735 praecipi-

205 760 354 791 tantem
388 752 623 798 retinuisses,
655 751 749 789 istos
784 751 935 789 labores
974 763 1073 800 quos
1112 763 1217 788 nunc
1248 750 1288 787 in
1322 750 1530 800 naufragiis

148 829 188 852 10
205 817 346 856 nostris
373 817 537 867 suscipis
568 830 647 855 non
674 816 855 854 subisses.
914 817 1005 864 Qua
1025 829 1064 854 re
1087 816 1148 853 fac
1168 823 1210 853 ut
1230 815 1364 854 omnia
1388 816 1439 853 ad
1467 829 1529 854 me
1548 815 1572 853 8

204 890 409 934 perspecta
435 890 472 921 et
497 884 694 932 explorata
720 880 935 931 perscribas
956 894 1109 930 meque,
1132 888 1175 918 ut
1198 879 1304 927 sacis,
1326 880 1421 919 velis
1445 894 1530 919 esse

204 948 387 998 aliquem,
415 947 603 997 quoniam
633 946 700 996 qui
729 946 783 984 fui
812 953 850 984 et
879 945 947 995 qui
976 959 1061 984 esse
1089 945 1200 995 potui
1230 945 1307 983 iam
1337 959 1421 983 esse
1450 959 1531 983 non
1573 983 1581 994 ⁴

204 1026 378 1064 possum,
401 1020 439 1050 et
465 1019 507 1050 ut
534 1011 594 1049 his
620 1010 755 1049 litteris
785 1024 864 1047 non
894 1017 932 1048 te
962 1011 1031 1048 sed
1062 1023 1124 1048 me
1154 1009 1282 1059 ipsum
1308 1023 1331 1047 a
1358 1023 1421 1048 me
1447 1023 1532 1048 esse
1573 999 1580 1010 ⁸

204 1085 432 1115 accusatum
466 1084 590 1126 putes.
654 1074 694 1113 Si
727 1074 794 1124 qui
828 1081 941 1112 erunt
974 1074 1117 1123 quibus
1155 1081 1269 1123 putes
1310 1087 1408 1124 opus
1447 1087 1532 1112 esse

150 1154 187 1186 15
206 1155 296 1180 meo
317 1141 478 1180 nomine
498 1141 643 1179 litteras
664 1139 757 1188 dari,
773 1139 889 1178 velim
910 1139 1134 1178 conscribas
1155 1151 1345 1189 curesque
1366 1139 1528 1178 dandas.

207 1209 312 1245 Data
330 1218 426 1244 X1111
449 1207 537 1244 Kal.
561 1207 665 1256 Sept.

250 1350 360 1385 XVI
460 1353 528 1385 Ser.
555 1353 794 1385 Thessalonicae
809 1353 859 1383 xii
870 1352 913 1384 K.
933 1352 1021 1393 Sept.
1041 1363 1071 1384 a.
1092 1353 1155 1394 696
1174 1352 1265 1394 (58).

626 1430 799 1461 CICERO
823 1429 994 1460 ATTICO
1021 1429 1118 1460 SAL.

260 1509 408 1546 Totum
447 1508 520 1546 iter
557 1507 653 1545 mibi
691 1506 881 1545 incertum
922 1505 1012 1544 facit
1047 1505 1286 1556 exspectatio
1319 1505 1532 1544 litterarum

149 1588 188 1610 20
206 1581 420 1611 vestrarum
442 1574 530 1610 Kal.
555 1571 684 1611 Sextil.
708 1573 897 1610 datarum.
958 1573 1061 1608 Nam
1087 1571 1118 1608 si
1143 1584 1230 1620 spes
1255 1570 1336 1617 erit,
1356 1570 1530 1620 Epirum,

206 1637 237 1675 si
277 1637 417 1684 minus,
460 1636 647 1687 Cyzicum
689 1644 756 1674 aut
798 1635 905 1674 aliud
951 1635 1099 1684 aliquid
1143 1648 1362 1684 sequemur.
1422 1637 1533 1674 Tuae

206 1702 367 1752 quidem
388 1702 537 1740 litterae
558 1715 636 1751 quo
657 1700 811 1751 saepius
831 1714 854 1738 a
870 1714 933 1738 me
953 1701 1143 1749 leguntur,
1158 1701 1235 1738 hoc
1255 1713 1365 1749 spem
1386 1699 1533 1738 faciunt

207 1766 302 1804 mihi
327 1766 545 1813 minorem,
575 1780 675 1816 quae
700 1779 790 1804 cum
816 1795 824 1803 .
854 1796 861 1803 .
891 1795 898 1803 .
928 1795 935 1802 .
963 1765 1087 1802 lectae
1117 1771 1217 1810 sunt,
1242 1772 1324 1801 tum
1355 1763 1395 1802 id
1424 1765 1533 1814 quod

205 1832 419 1869 attulerunt
444 1832 495 1869 ad
524 1844 635 1880 spem
665 1830 875 1876 infirmant,
898 1836 940 1866 ut
964 1828 1077 1866 facile
1103 1836 1287 1878 appareat
1315 1836 1352 1866 te
1379 1836 1417 1866 et
1444 1842 1535 1866 con-

149 1909 186 1940 25
207 1895 389 1933 solationi
423 1895 563 1934 servire
598 1903 635 1933 et
666 1894 826 1933 veritati.
887 1895 1027 1942 Itaque
1061 1900 1098 1931 te
1133 1906 1227 1941 rogo
1261 1894 1376 1942 plane
1410 1900 1452 1930 ut
1482 1893 1534 1931 ad

208 1975 270 1999 me
300 1975 400 2010 quae
432 1960 530 1999 scies
564 1968 604 1998 ut
635 1968 759 2007 erunt,
791 1972 891 2009 quae
926 1956 1082 2008 putabis
1116 1957 1168 1995 ita
1203 1957 1357 1995 scribas.
1432 1959 1535 1996 Data

207 2039 268 2064 xil
300 2028 388 2064 Kal.

251 2139 270 2166 4
295 2129 438 2158 comiter
463 2127 580 2158 Lamb.
612 2133 699 2167 vu‘lg.
806 2129 827 2158 6
852 2137 904 2157 me
930 2124 1004 2157 add.
1035 2126 1121 2156 Crat.
1235 2136 1272 2155 21
1298 2126 1386 2156 aliud
1405 2125 1531 2164 aliquid

212 2171 416 2210 lin-senlmgr:
441 2171 529 2201 aliud
546 2172 625 2210 quid
645 2171 692 2208 M,
707 2170 764 2201 sed
782 2170 808 2200 is
826 2171 861 2208 (l.
879 2170 933 2204 20⁸)
950 2172 1023 2209 post
1040 2179 1115 2198 nam
1137 2168 1260 2198 incuria
1278 2169 1423 2207 quadam
1441 2170 1531 2199 aliud

207 2215 332 2253 aliquid
352 2215 449 2253 (linea
465 2214 623 2244 subducta
634 2218 743 2254 postea
761 2213 913 2251 delelnm)
933 2223 997 2243 non
1014 2212 1103 2242 aliud
1122 2212 1201 2250 quid
1219 2212 1387 2241 addiderat
1489 2221 1531 2249 23

206 2258 309 2298 quae]
332 2269 396 2296 qurr
416 2257 488 2288 JW:
522 2268 621 2296 quam
652 2257 705 2286 M1
724 2269 730 2287 :
759 2258 847 2295 quod
866 2256 895 2285 Z
1034 2255 1156 2294 lectae]
1176 2255 1284 2284 laetae
1301 2255 1351 2285 Z:
1377 2254 1530 2284 conlatae

207 2302 284 2332 coni.
300 2301 402 2332 Reid:
427 2301 582 2330 lacunam
600 2301 644 2330 ita
659 2301 816 2340 supplevit
834 2300 1008 2329 Lehmann
1025 2309 1111 2337 quae
1125 2296 1220 2339 (cum
1240 2298 1348 2328 laetae
1365 2299 1434 2327 sint
1452 2299 1530 2328 dum

209 2345 376 2383 leguntur.
394 2344 491 2385 cum>
508 2345 614 2374 lectae
629 2349 719 2382 sunt,
734 2348 802 2373 tum
892 2354 932 2380 24
957 2342 1137 2372 attulerant
1163 2341 1293 2371 Ernesti
1378 2344 1419 2371 26
1443 2341 1532 2372 scies

213 2388 417 2430 lVesenbetgz
442 2389 507 2419 scis
524 2387 564 2417 M
653 2391 729 2428 post
744 2387 873 2417 scribas
893 2385 968 2417 add.
989 2390 1023 2415 ut
1041 2385 1175 2425 putabis
1192 2384 1312 2416 Rosius
1327 2396 1365 2415 ex
1379 2385 1409 2416 Z
