1817 2832
703 147 815 185 EPP.
847 148 925 185 AD
940 147 1215 186 'ATTICVM
1520 149 1589 186 IV.
1613 148 1690 184 xvi

240 265 379 308 postea
406 257 617 296 revertitur.
677 258 808 297 Credo
838 258 1043 296 Platonem
1072 257 1135 295 vix
1163 262 1321 307 putasse
1355 257 1447 296 satis
1476 271 1567 296 con-

241 335 383 360 sonum
417 323 498 360 fore
528 321 559 360 si
589 321 792 360 hominem
822 321 862 360 id
891 321 1028 360 aetatis
1058 321 1097 359 in
1128 330 1207 360 tam
1237 324 1355 373 longo
1385 335 1566 362 sermone

240 387 386 425 diutius
413 387 645 425 retinuisset.
706 388 836 425 Multo
865 400 938 436 ego
968 386 1089 436 magis
1120 388 1196 425 hoc
1223 387 1319 425 mihi
1344 389 1566 426 cavendum

239 451 374 502 putavi
398 452 437 489 in
465 454 664 499 Scaevola,
685 451 753 501 qui
779 458 818 489 et
843 459 970 489 aetate
993 460 1031 489 et
1056 452 1280 490 valetudine
1310 460 1390 491 erat
1419 466 1466 491 ea
1489 466 1567 503 qua

203 527 220 559 5
240 529 331 554 eum
361 530 446 554 esse
476 516 687 555 meministi
721 524 759 554 et
786 516 831 554 iis
859 516 1075 554 honoribus
1102 523 1144 554 ut
1171 516 1233 554 vix
1259 516 1350 555 satis
1377 518 1566 556 decorum

239 581 435 619 videretur
455 594 545 619 eum
566 580 686 631 pluris
708 581 791 619 dics
813 594 897 619 esse
917 580 957 618 in
980 581 1109 620 Crassi
1130 583 1368 620 Tusculano.
1415 584 1467 620 Et
1487 590 1567 620 erat

239 645 354 696 primi
384 645 471 684 libri
501 659 630 684 sermo
659 659 740 684 non
769 645 921 683 alienus
950 658 975 683 a
1005 646 1217 684 Scaevolae
1249 646 1398 693 studiis,
1429 646 1568 696 reliqui

240 711 327 750 libri
350 712 591 763 τεχνολογίαν
616 710 773 756 habent,
797 717 839 748 ut
866 709 952 748 scis.
1012 709 1121 748 Huic
1147 709 1403 749 ioculatorem
1431 724 1565 749 senem

241 775 362 822 illum,
385 784 428 814 ut
449 789 573 822 noras,
596 774 783 814 interesse
804 788 897 813 sane
917 774 1038 813 nolui.

186 851 223 874 10
298 842 359 879 De
388 855 428 879 re
458 840 579 879 Piliae
608 841 717 890 quod
747 839 882 879 scribis
911 839 982 878 erit
1010 839 1107 878 mihi
1136 853 1262 879 curae.
1323 841 1481 880 Etenim
1508 849 1566 880 est
1585 853 1612 890 4

241 907 440 944 luculenta
468 920 527 944 res
557 905 768 952 Aureliani,
800 913 842 944 ut
872 905 1017 952 scribis,
1050 905 1216 944 indiciis.
1276 908 1327 944 Et
1356 906 1396 944 in
1425 920 1474 945 eo
1503 920 1567 945 me

241 971 359 1009 etiarn
380 970 533 1009 Tulliae
554 984 664 1009 meae
684 970 909 1009 venditabo.
962 970 1145 1009 Vestorio
1165 984 1246 1010 non
1267 972 1417 1009 desum.
1474 973 1567 1010 Gra-

242 1044 325 1074 tum
356 1035 460 1073 enim
491 1035 561 1074 tibi
591 1035 631 1073 id
661 1049 745 1074 esse
776 1035 959 1085 intellego
993 1043 1032 1074 et
1062 1043 1105 1074 ut
1138 1035 1202 1074 ille
1231 1035 1430 1086 intellegat
1458 1050 1563 1075 curo.

244 1101 322 1139 Sed
343 1100 417 1138 scis
438 1099 534 1149 qui?
588 1101 691 1139 Cum
712 1100 855 1138 habeat
876 1101 956 1138 duo
977 1099 1099 1138 facilis
1120 1099 1217 1138 nihil
1237 1100 1443 1139 difficilius.

186 1175 224 1208 15
300 1166 417 1203 Nunc
436 1166 487 1203 ad
516 1178 562 1203 ea
581 1178 677 1213 qnae
697 1164 849 1214 quaeris
878 1165 929 1202 de
957 1165 1000 1203 C.
1025 1165 1189 1204 Catone.
1248 1166 1354 1214 Lege
1386 1165 1500 1203 Iunia
1529 1173 1566 1203 et
1585 1177 1611 1216 5

244 1229 395 1268 Licinia
425 1229 499 1268 scis
530 1230 755 1268 absolutum
770 1244 780 1277 3
820 1230 931 1266 Fufia
960 1242 1033 1279 ego
1067 1228 1139 1268 tibi
1168 1229 1308 1268 nuntio
1341 1231 1566 1268 absolutum

242 1295 285 1333 iri
307 1309 436 1345 neque
461 1295 635 1346 patronis
660 1294 738 1333 suis
770 1302 849 1332 tam
874 1293 1087 1333 libentibus
1112 1307 1231 1344 quam
1260 1294 1564 1333 accusatoribus.

244 1362 283 1398 Is
304 1368 436 1398 tamen
457 1368 495 1399 et
510 1374 667 1399 mecum
683 1368 721 1398 et
738 1373 827 1398 cum
847 1359 999 1398 Milone
1015 1359 1055 1396 in
1071 1358 1232 1408 gratiam
1249 1359 1372 1398 rediit.
1416 1361 1566 1397 Drusus

243 1438 330 1463 reus
362 1433 420 1463 est
451 1426 575 1463 factus
605 1438 628 1463 a
662 1424 855 1462 Lucretio.
921 1423 1126 1462 Iudicibus
1163 1423 1369 1462 reiciendis
1402 1425 1480 1461 dies
1516 1429 1570 1460 est

186 1501 227 1524 20
244 1491 363 1528 dictus
382 1504 414 1528 a.
438 1491 475 1528 d.
498 1502 523 1527 V
544 1491 648 1528 Non.
672 1489 806 1538 Quint.
869 1491 930 1527 De
958 1488 1126 1527 Procilio
1153 1502 1327 1527 rumores
1354 1502 1435 1527 non
1459 1487 1567 1535 boni,

243 1555 313 1593 sed
333 1554 478 1593 iudicia
497 1554 610 1593 nosti.
662 1553 803 1592 Hirrus
824 1567 914 1591 cum
940 1552 1116 1591 Domitio
1137 1553 1178 1590 in
1197 1553 1318 1602 gratia
1338 1560 1405 1591 est.
1452 1554 1568 1590 Sena-

241 1626 302 1657 tus
341 1621 564 1657 consultum
603 1620 711 1669 quod
749 1619 789 1656 hi
828 1620 1010 1657 consules
1049 1619 1100 1656 de
1137 1617 1347 1667 provinciis
1392 1619 1567 1655 fecerunt

242 1684 496 1732 QVICVMQVE
518 1695 702 1722 POSTHAC
722 1707 776 1711 —-
795 1697 875 1722 non
898 1683 993 1720 mihi
1015 1682 1168 1721 videtur
1188 1695 1274 1720 esse
1293 1681 1512 1719 valiturum.

296 1751 358 1787 De
387 1751 569 1787 Messalla
598 1750 706 1799 quod
733 1748 900 1798 quaeris,
921 1748 1016 1798 quid
1044 1747 1211 1786 scribam
1239 1746 1383 1785 nescio.
1444 1747 1565 1784 Num-
1586 1748 1612 1785 6
1632 1749 1748 1797 (xvn.
1771 1746 1810 1796 2)

185 1826 222 1858 25
242 1827 360 1864 quarn
394 1828 467 1864 ego
500 1814 581 1852 vidi
620 1822 699 1852 tam
738 1813 839 1864 paris
878 1813 1122 1851 candidatos.
1185 1813 1395 1850 Messallae
1433 1811 1566 1861 copias

241 1878 354 1917 nosti.
415 1881 602 1917 Scaurum
623 1878 796 1916 Triarius
821 1892 930 1916 reum
961 1878 1062 1916 fecit.
1124 1878 1164 1916 Si
1190 1877 1356 1928 quaeris,
1377 1877 1484 1914 nulla
1510 1884 1568 1914 est

242 1957 385 1993 magno
405 1957 522 1993 opere
543 1951 743 1982 commota
763 1943 987 1993 συμπάθεια,
1008 1944 1078 1981 sed
1099 1950 1229 1981 tamen
1252 1943 1371 1980 habet
1390 1941 1568 1979 aedilitas

241 2008 325 2046 eius
355 2008 583 2047 memoriam
611 2022 691 2047 non
718 2008 909 2058 ingratam
933 2016 972 2047 et
999 2016 1056 2046 est
1084 2010 1241 2058 pondus
1269 2009 1377 2057 apud
1403 2006 1568 2045 rusticos

242 2073 282 2110 in
302 2073 419 2123 patris
445 2073 643 2112 memoria.
704 2073 863 2123 Reliqui
885 2075 965 2112 duo
990 2073 1133 2123 plebeii
1161 2073 1216 2111 sic
1241 2079 1506 2122 exaequantur
1526 2079 1569 2109 ut

185 2149 225 2179 30
246 2138 443 2176 Domitius
464 2140 590 2176 valeat
604 2138 740 2177 amicis
760 2138 964 2177 adiuvetur
985 2145 1117 2176 tamen
1133 2151 1215 2176 non
1231 2139 1335 2175 m'lzil
1349 2136 1568 2186 gratissimo

285 2234 304 2262 3
331 2225 435 2261 magis
451 2224 600 2255 Ernesti:
624 2224 708 2255 satis
725 2224 799 2254 M¹t
825 2225 929 2254 satius
955 2223 1007 2253 ΛΡ
1161 2235 1181 2262 4
1205 2234 1271 2263 qua
1295 2234 1370 2254 eum
1394 2223 1568 2254 Bic'cl1cler:

242 2278 340 2306 quam
358 2267 417 2297 M:
441 2278 506 2306 qua
522 2268 609 2308 vulg.
723 2269 743 2297 8
769 2268 983 2298 ioculatorem
1003 2266 1052 2297 C:
1084 2267 1281 2297 joculatorie
1302 2267 1364 2299 (rie
1376 2268 1409 2296 in
1434 2272 1565 2307 rasura)

243 2311 304 2341 M:
330 2312 544 2341 ioculatoriae
562 2312 782 2350 disputationi
800 2311 821 2340 I
953 2321 989 2349 14
1014 2309 1089 2349 quil
1107 2311 1163 2349 qui
1176 2311 1220 2340 sit
1242 2309 1430 2350 lfVesenbmg
1529 2321 1567 2349 15

243 2365 329 2393 quae
347 2354 422 2384 add.
443 2358 512 2385 velt.
620 2365 658 2393 19
682 2355 753 2384 dies
770 2360 821 2384 est
839 2354 949 2384 dictus
966 2353 1040 2384 add.
1062 2353 1223 2394 Affadvtg:
1249 2354 1417 2391 Lucretio,
1436 2354 1567 2384 iudiciis

243 2398 422 2428 reiciendis
439 2409 467 2428 a.
487 2399 516 2428 d.
536 2398 670 2427 Baiter:
685 2398 766 2437 jort.
786 2397 977 2428 addendum
994 2397 1042 2427 nil
1057 2398 1121 2427 m‘sz'
1135 2398 1219 2434 dies,
1232 2401 1307 2438 post
1322 2398 1387 2426 -dis
1404 2397 1567 2427 omissum

242 2450 295 2514 {ol
310 2441 482 2514 nlondnihil
499 2440 707 2482 lVesenbcrg:
741 2451 809 2472 non
833 2441 893 2471 M:
927 2441 1025 2471 etiam
1048 2439 1189 2471 Sclzz'ilzz
1223 2451 1290 2470 non
1314 2440 1424 2470 minus
1448 2440 1566 2471 Klotz:

266 2495 280 2513 e
296 2509 302 2515 .
337 2484 384 2514 {ci
1440 2486 1479 2514 9*-
