1817 2832
657 114 770 151 EPP.
801 114 880 151 AD
909 113 1169 153 ATTICVM
1481 115 1576 153 VII.
1595 115 1673 152 xvi

248 223 474 263 habiturum
513 237 704 275 spemque
740 225 876 270 adfert,
917 223 949 262 si
990 223 1031 262 in
1077 224 1266 263 Picenum
1312 237 1447 275 agrurn
1492 224 1576 275 ipse

248 289 407 336 venerit,
448 303 520 328 nos
561 291 732 328 Romam
771 289 962 328 redituros
1007 302 1102 328 esse.
1181 289 1401 327 Labienum
1441 302 1576 328 secum

249 355 368 392 habet
394 368 474 392 non
502 354 751 392 dubitantem
778 354 828 392 de
852 353 1119 392 imbecillitate
1145 353 1322 393 Caesaris
1350 353 1578 404 copiarum;

250 419 360 458 cuius
381 420 551 457 adventu
575 420 735 457 Gnaeus
756 426 888 456 noster
908 419 1032 456 multo
1052 418 1173 456 animi
1193 419 1280 467 plus
1301 418 1431 456 habet.
1493 419 1578 456 Nos

213 492 229 523 ἑ
249 497 273 522 a
292 483 521 522 consulibus
543 484 723 533 Capuam
743 482 874 520 venire
895 482 988 520 iussi
1009 496 1142 520 sumus
1163 484 1215 521 ad
1236 484 1373 521 Nonas
1395 483 1510 521 Febr.

305 549 443 598 Capua
462 549 659 598 profectus
680 561 767 585 sum
790 546 964 585 Formias
984 560 1018 585 a.
1040 548 1078 585 d.
1102 559 1147 584 111
1172 548 1260 585 Kal.
1319 549 1380 586 Eo
1401 547 1464 586 die
1485 561 1577 586 cum

251 612 413 652 Calibus
435 620 520 650 tuas
549 611 694 650 litteras
715 613 812 650 hora
837 613 916 649 fere
945 625 1050 649 nona
1075 611 1327 661 accepissem,
1351 613 1420 650 has
1445 613 1576 651 statim

251 677 354 715 dedi.
425 679 486 715 De
524 676 709 715 Terentia
746 684 784 714 et
822 676 952 713 Tullia
990 675 1059 714 tibi
1098 675 1307 714 adsentior,
1376 677 1442 714 Ad
1480 690 1577 726 quas
1600 680 1624 717 3

252 741 480 791 scripseram
509 742 559 779 ad
586 749 624 779 te
650 749 693 779 ut
719 742 914 779 referrent.
973 740 1012 778 Si
1039 741 1217 778 nondum
1247 741 1445 789 profectae
1474 749 1578 789 sunt,

194 815 233 839 10
252 805 348 843 nihil
382 814 440 844 est
474 807 582 856 quod
613 819 655 844 se
688 813 882 852 moveant,
917 806 1049 855 quoad
1078 804 1359 855 perspiciamus
1392 818 1470 855 quo
1502 805 1579 844 loci

253 878 300 908 sit
329 883 401 908 res.

296 998 433 1033 XVII
521 1001 589 1034 Scr.
608 1002 644 1033 in
661 1002 840 1033 Formiano
855 1001 887 1032 iv
902 1000 989 1032 Non.
1007 1000 1097 1031 Febr.
1114 1011 1144 1031 α.
1166 1010 1220 1040 705
1238 999 1324 1041 (49).

673 1088 843 1121 CICERO
864 1088 1046 1119 ATTICO
1068 1087 1176 1119 SAL.

307 1179 418 1216 Tuae
443 1178 592 1216 litterae
619 1177 716 1215 mihi
744 1184 874 1227 gratae
900 1175 1177 1225 iucundaeque
1203 1182 1301 1214 sunt.
1364 1177 1425 1214 De
1452 1175 1580 1225 pueris
1602 1186 1619 1213 1

196 1254 232 1286 15
254 1242 294 1280 in
333 1242 538 1281 Graeciam
570 1241 880 1292 transportandis
914 1248 998 1278 tum
1033 1240 1255 1289 cogitabam
1289 1254 1380 1278 cum
1414 1241 1505 1290 fuga
1535 1254 1582 1279 ex

255 1307 368 1346 Italia
395 1307 527 1358 quaeri
548 1307 764 1346 videbatur.
824 1307 909 1344 Nos
936 1305 1042 1343 enim
1070 1304 1307 1355 Hispaniam
1334 1312 1580 1354 peteremus3

254 1371 328 1410 illis
355 1373 431 1410 hoc
454 1385 580 1422 aeque
606 1372 863 1410 commodum
890 1383 971 1407 non
996 1377 1086 1407 erat.
1145 1370 1208 1406 Tu
1237 1368 1320 1418 ipse
1344 1382 1434 1406 cum
1462 1369 1580 1406 Sexto

255 1436 372 1474 etiam
405 1450 512 1475 nunc
541 1436 637 1474 mihi
667 1435 807 1474 videris
838 1436 992 1472 Romae
1021 1441 1125 1471 recte
1149 1446 1233 1471 esse
1260 1446 1400 1483 posse3
1435 1432 1581 1471 etenim

255 1501 417 1540 minime
445 1501 561 1539 amici
592 1500 783 1551 Pompeio
813 1507 947 1538 nostro
977 1512 1062 1537 esse
1089 1498 1252 1536 debetis.
1313 1499 1444 1535 Nemo
1474 1497 1581 1535 enim

197 1577 235 1599 20
255 1579 443 1615 umquam
465 1574 617 1604 tanturn
638 1567 688 1604 de
709 1565 868 1603 urbanis
889 1563 1058 1614 praediis
1086 1562 1261 1601 detraxit.
1320 1561 1496 1600 Videsne
1518 1574 1581 1599 me

254 1630 372 1669 etiam
392 1631 540 1669 iocari?

308 1696 414 1734 Scire
443 1696 519 1734 iam
550 1704 588 1735 te
617 1703 771 1747 oportet
801 1697 844 1733 L.
878 1696 1022 1734 Caesar
1051 1706 1152 1743 quae
1181 1705 1369 1742 responsa
1397 1693 1534 1730 referat
1559 1705 1581 1729 a
1602 1696 1627 1725 2

255 1761 457 1811 Pompeio,
473 1775 570 1811 quas
585 1762 635 1799 ab
652 1763 794 1800 eodem
810 1762 861 1799 ad
875 1761 1084 1799 Caesarem
1099 1760 1194 1796 ferat
1210 1757 1365 1795 litteras.
1407 1757 1582 1807 Scriptae

255 1825 360 1862 enim
383 1834 420 1864 et
441 1827 555 1864 datae
575 1826 627 1864 ita
648 1834 738 1863 sunt
758 1833 800 1863 ut
821 1831 1132 1874 proponerentur
1152 1822 1191 1860 in
1213 1821 1384 1872 publico.
1431 1823 1478 1859 In
1500 1835 1582 1871 quo

197 1900 236 1932 ²5
255 1890 436 1927 accusavi
470 1903 625 1928 mecum
660 1890 743 1939 ipse
778 1888 1012 1938 Pompeium
1044 1887 1122 1937 qui,
1157 1900 1247 1924 cum
1279 1885 1443 1935 scriptor
1475 1887 1582 1923 lucu-

255 1955 383 1991 lentus
413 1962 525 2000 esset,
549 1962 675 1992 tantas
705 1967 763 1992 res
790 1962 909 2003 atque
938 1966 1002 1990 eas
1033 1965 1133 2000 quae
1163 1951 1203 1988 in
1232 1950 1410 1989 omnium
1441 1963 1580 1988 manus

255 2026 441 2056 venturae
470 2026 600 2057 essent
630 2018 756 2057 Sestio
790 2025 924 2055 nostro
958 2016 1185 2054 scribendas
1217 2014 1380 2053 dederit.
1440 2016 1582 2063 Itaque

256 2082 352 2120 nihil
373 2096 561 2132 umquam
582 2082 656 2131 legi
678 2082 864 2132 scriptum
885 2081 1216 2130 σηστιωδέστερον.
1256 2078 1429 2128 Perspici
1449 2086 1581 2117 tamen

257 2159 303 2184 ex
332 2146 466 2184 litteris
497 2146 661 2196 Pompei
689 2154 817 2195 potest
844 2145 940 2182 nihil
966 2144 1121 2183 Caesari
1150 2143 1281 2193 negari
1308 2143 1519 2192 omniaque
1547 2142 1582 2181 ei

199 2222 238 2254 30
258 2212 455 2248 cumulate
476 2223 576 2260 quae
597 2211 767 2260 postulet
788 2209 880 2248 dari.
938 2211 1052 2258 Quae
1072 2208 1136 2246 ille
1156 2206 1446 2246 amentissimus
1468 2207 1582 2246 fuerit

300 2326 321 2354 6
345 2325 463 2354 eodem
482 2324 532 2354 vel
545 2324 664 2354 eodem
683 2324 738 2354 die
764 2322 792 2354 C
955 2333 994 2361 14
1018 2322 1108 2352 Hinc
1123 2332 1244 2352 novam
1263 2321 1436 2361 epistulam
1454 2322 1585 2360 incipere

255 2369 415 2409 perspexit
425 2368 560 2407 primns
576 2367 699 2397 Rosius
817 2376 860 2396 20
885 2366 1032 2405 praediis
1048 2375 1077 2396 v.
1096 2375 1112 2395 c
1136 2364 1164 2393 L
1184 2375 1290 2405 marg.
1307 2376 1313 2395 :
1341 2365 1519 2405 praesidiis
1535 2365 1583 2406 M,

261 2411 296 2451 cf.
315 2421 362 2451 14.
382 2421 402 2450 3
513 2421 553 2451 29
577 2411 607 2441 ei
625 2409 735 2440 Koch:
759 2414 792 2440 et
807 2409 847 2439 M
