1817 2832
94 137 163 175 IV.
183 137 302 175 viiia
611 138 666 175 M.
699 135 868 174 TVLLI
900 135 1207 174 CICERONJS

244 248 340 287 illud
368 248 517 287 melius.
579 247 688 296 Quid
718 246 824 285 enim
851 247 929 285 hoc
956 245 1134 285 miserius
1163 259 1283 296 quam
1310 260 1400 284 eum
1422 244 1489 295 qui
1519 251 1576 283 tot

243 328 370 367 annos
401 321 498 362 quot
533 313 652 351 habet
682 312 910 362 designatus
945 312 1084 350 consul
1113 311 1226 350 fuerit
1256 311 1338 349 fieri
1372 312 1576 349 consulem

245 392 325 417 non
357 392 482 428 posse,
515 377 743 428 praesertim
776 390 868 415 cum
901 384 970 414 aut
1002 377 1107 414 solus
1140 383 1208 413 aut
1241 383 1346 414 certe
1377 389 1458 414 non
1489 377 1577 425 plus

246 457 363 493 quam
385 456 476 481 cum
497 444 619 481 altero
639 443 776 493 petat?
833 441 873 480 Si
894 455 987 480 vero
1007 440 1048 479 id
1069 448 1137 486 est,
1161 441 1270 490 quod
1291 440 1425 478 nescio
1445 453 1495 477 an
1516 439 1574 485 sit,

246 515 288 546 ut
318 522 398 546 non
429 507 559 545 minus
586 509 723 557 longas
754 506 832 544 iam
860 505 899 543 in
930 505 1203 544 codicillorum
1224 504 1332 542 fastis
1358 506 1576 542 futurorum
1599 515 1616 547 5

246 575 453 612 consulum
471 573 673 623 paginulas
690 572 834 610 habeat
851 585 970 622 quam
987 572 1191 617 factorum,
1206 569 1302 620 quid
1318 568 1385 608 illo
1401 569 1579 607 miserius

247 639 320 677 nisi
350 653 409 677 res
439 638 598 689 publica
632 637 673 675 in
706 651 785 687 qua
818 650 868 676 ne
903 644 1078 687 speratur
1109 635 1272 686 quidem
1306 634 1446 673 melius
1476 633 1581 684 quic-

203 717 227 754 3
247 705 396 754 quam?
454 705 515 742 De
548 705 670 741 Natta
700 716 747 741 ex
778 702 854 741 tuis
888 701 1060 752 primum
1092 699 1187 739 scivi
1218 700 1379 748 litteris3
1420 700 1581 738 oderam

247 769 460 808 hominem.
523 769 585 806 De
611 775 796 818 poemate
823 768 932 817 quod
960 766 1124 817 quaeris,
1148 765 1244 816 quid
1272 765 1304 804 si
1331 764 1464 815 cupiat
1490 766 1582 803 effu-

245 837 363 886 gere?
393 833 520 885 quid?
551 833 685 872 sinas?
743 835 805 872 De
834 832 958 871 Fabio
984 833 1115 870 Lusco
1142 832 1251 882 quod
1278 845 1384 870 eram
1408 844 1578 877 exorsus,
1605 843 1642 865 10

246 902 368 939 homo
389 913 596 949 peramans
617 912 772 949 semper
798 897 922 936 nostri
946 897 1019 936 fuit
1038 911 1112 936 nec
1139 897 1236 935 mihi
1256 911 1447 947 umquam
1475 896 1578 935 odio.

248 966 348 1005 Satis
380 965 487 1004 enim
516 972 656 1003 acutus
685 972 724 1003 et
752 964 1029 1015 permodestus
1058 977 1105 1002 ac
1136 963 1266 1002 bonae
1295 963 1404 1012 frugi.
1479 964 1582 1000 Eum

249 1031 341 1081 quia
371 1044 452 1069 non
481 1030 667 1069 videbam
695 1030 836 1068 abesse
865 1029 1080 1079 putabam:
1114 1027 1247 1067 audivi
1274 1042 1321 1067 ex
1351 1027 1477 1067 Gavio
1507 1029 1583 1066 hoc

250 1097 435 1135 Firmano
463 1098 618 1135 Romae
647 1109 732 1134 esse
762 1094 967 1134 hominem
997 1102 1037 1133 et
1064 1094 1184 1133 fuisse
1213 1093 1436 1132 adsiduum.
1497 1095 1584 1131 Per-

249 1161 367 1200 cussit
402 1161 590 1199 animum.
664 1160 785 1198 Dices
823 1160 1071 1198 ‘Tantulane
1099 1152 1267 1197 c'ausa?’
1309 1159 1509 1197 Permulta
1532 1159 1583 1196 ad
1606 1171 1643 1204 15

250 1241 313 1266 me
343 1228 536 1265 detulerat
565 1239 648 1264 non
677 1223 801 1265 dubia
831 1226 882 1264 de
914 1223 1108 1262 Firmanis
1142 1223 1333 1262 fratribus.
1394 1222 1504 1273 Quid
1536 1222 1584 1261 sit

252 1294 361 1343 quod
381 1306 422 1330 se
442 1305 465 1330 a
485 1305 548 1330 me
568 1291 744 1337 removit,
769 1290 801 1329 si
821 1291 944 1329 modo
964 1288 1144 1336 removit,
1164 1288 1312 1338 ignoro.

206 1363 233 1401 4
309 1359 370 1396 De
391 1371 438 1396 eo
466 1358 575 1406 quod
602 1370 666 1395 me
693 1369 832 1394 mones
859 1362 902 1393 ut
928 1362 967 1393 et
992 1357 1191 1394 πολιτικῶς
1210 1367 1272 1391 me
1299 1367 1430 1403 geram
1458 1360 1496 1392 et
1519 1354 1587 1402 τὴν

253 1425 325 1461 ἔσω
345 1423 519 1475 γραμμὴν
539 1430 706 1468 teneam,
730 1420 784 1460 ita
803 1420 955 1458 faciam.
1016 1420 1095 1458 Sed
1122 1432 1221 1468 opus
1248 1426 1305 1456 est
1327 1418 1473 1457 maiore
1499 1431 1586 1469 pru-

252 1489 395 1537 dentia,
419 1502 539 1539 quam
568 1502 592 1526 a
621 1495 669 1534 te,
702 1494 745 1525 ut
779 1487 899 1533 soleo,
931 1492 1074 1536 petam.
1136 1486 1199 1522 Tu
1225 1484 1342 1523 velim
1370 1498 1416 1522 ex
1447 1483 1581 1531 Fabio,
1606 1498 1646 1520 20

251 1555 282 1593 si
317 1568 435 1605 quem
465 1555 588 1592 habes
618 1552 782 1598 aditum,
817 1552 982 1590 odorere
1014 1557 1052 1588 et
1083 1549 1201 1588 istum
1234 1548 1441 1587 convivam
1473 1556 1585 1587 tuum

251 1621 433 1669 degustes
473 1626 511 1657 et
549 1619 600 1656 ad
636 1631 699 1655 me
733 1618 783 1655 de
817 1616 877 1653 his
912 1616 1029 1654 rebus
1064 1622 1102 1653 et
1136 1615 1186 1653 de
1221 1613 1406 1652 omnibus
1441 1614 1585 1652 cotidie

251 1684 407 1723 scribas.
467 1683 547 1721 Vbi
579 1682 676 1720 nihil
716 1681 786 1719 erit
825 1681 934 1730 quod
971 1679 1127 1726 scribas,
1163 1678 1204 1718 id
1242 1677 1372 1729 ipsum
1411 1678 1581 1718 scribito.

252 1751 357 1789 Cura
377 1756 419 1787 ut
439 1750 578 1787 valeas.

294 1867 362 1903 IX
586 1868 654 1900 Ser.
675 1867 814 1908 Neapoli
827 1868 859 1898 iv
876 1868 917 1898 K.
938 1867 1019 1898 Mas.
1039 1877 1068 1899 a.
1089 1868 1152 1907 699
1173 1866 1255 1907 (Π).
1609 1870 1647 1901 25

676 1945 851 1976 CICERO
876 1944 1047 1974 ATTICO
1074 1943 1172 1974 SAL.

217 2037 234 2065 1
311 2027 413 2065 Sane
442 2024 559 2063 velim
585 2023 683 2062 scire
712 2036 808 2060 num
838 2035 1001 2060 censum
1029 2020 1247 2070 impediant
1274 2018 1419 2058 tribuni
1446 2018 1587 2057 diebus

255 2090 438 2130 vitiandis
474 2089 549 2140 (est
580 2088 686 2127 enim
722 2087 785 2125 hic
829 2086 977 2136 rumor)
1011 2094 1171 2135 totaque
1203 2087 1253 2124 de
1292 2098 1457 2124 censura
1491 2083 1587 2133 quid

298 2201 319 2228 6
343 2198 466 2228 habeat
486 2198 535 2230 (sc
557 2193 749 2234 Pompeius&
766 2192 825 2223 JW:
851 2192 996 2222 habeant
1011 2191 1196 2222 Gronovius
1326 2199 1408 2228 9—11
1438 2189 1489 2219 De
1508 2199 1586 2228 poe-

256 2247 357 2275 mate,
380 2241 468 2280 quod
493 2250 583 2270 eram
607 2248 761 2274 exorsus,
782 2237 862 2274 quid
886 2237 912 2266 si
938 2235 1049 2274 cupiat
1074 2235 1243 2273 effugere?
1269 2233 1371 2272 quid?
1396 2233 1508 2263 sinas?
1536 2232 1587 2262 De

258 2286 361 2316 Fabio
382 2286 487 2315 Lusco
506 2284 595 2322 quod
613 2281 757 2321 quaeris,
779 2281 879 2310 homo
901 2280 978 2309 coni.
1010 2278 1133 2308 Selium
1270 2288 1306 2316 17
1333 2277 1477 2307 removit
1494 2274 1582 2306 codd.

256 2329 347 2370 qnod
360 2329 444 2359 docte
462 2326 601 2367 defendit
617 2325 759 2355 Mt‘iller:
785 2323 925 2354 remorit
938 2322 1087 2353 Ernesti:
1107 2321 1284 2352 removerit
1295 2321 1375 2351 com'.
1399 2319 1590 2359 lswsenbmg

260 2384 299 2412 19
334 2372 397 2404 ἔσω
427 2372 541 2411 vulga:
574 2382 613 2402 εω
645 2368 703 2401 Μ;
735 2367 793 2409 ἔξω
825 2367 921 2398 IlIan.
1080 2376 1120 2405 27
1161 2365 1347 2405 impediant
1379 2363 1491 2395 Ana:
1530 2363 1587 2392 im-

256 2417 407 2458 pendant
426 2416 464 2445 M
