1790 2837
148 509 164 541 5

128 834 166 856 10

125 1482 165 1503 20

596 128 708 166 EPP.
740 129 818 165 AD
848 126 1108 166 ATTICVM
1468 124 1554 163 II.i

187 238 386 277 instabant
414 244 457 277 ut
486 239 620 277 darem
650 238 725 278 sibi
753 239 862 289 quod
891 245 1073 277 ornarent
1099 237 1177 276 iam
1203 236 1386 276 exhibere
1416 235 1512 274 mihi

188 304 407 342 molestiam
428 304 672 343 destiterunt.
716 306 793 353 Tu,
813 304 845 342 si
865 303 936 342 tibi
957 303 1145 354 placuerit
1164 303 1272 350 liber,
1295 301 1448 341 curabis
1469 308 1512 339 ut

187 376 225 408 et
246 369 412 407 Athenis
440 369 488 407 sit
515 378 553 408 et
580 369 620 407 in
649 369 786 408 ceteris
814 369 970 419 oppidis
993 368 1204 415 Graeciae3
1232 367 1385 405 videtur
1405 366 1511 405 enim

186 446 302 483 posse
331 433 480 483 aliquid
501 434 643 472 nostris
664 434 779 472 rebus
801 433 898 472 lucis
922 434 1084 473 adferre.
1145 431 1418 471 Oratiunculas
1447 444 1511 468 au-
1529 445 1554 482 3

186 505 265 536 tem
304 505 342 536 et
381 512 477 548 quas
515 500 689 549 postulas
728 506 767 537 et
803 497 924 548 pluris
962 497 1081 536 etiam
1120 496 1282 542 mittam,
1323 496 1510 545 quoniam

186 562 348 612 quidem
363 576 409 601 ea
425 577 526 613 quae
546 577 618 601 nos
639 562 845 601 scribimus
861 563 1247 601 adulescentulorum
1263 560 1400 598 studiis
1414 559 1512 598 exci-

186 626 255 665 tati
282 634 320 665 te
347 627 464 665 etiarn
492 629 699 666 delectant.
759 626 848 664 Fuit
868 626 973 664 enim
995 626 1090 663 mihi
1111 626 1378 671 commodum,
1402 625 1510 674 quod

185 690 225 729 in
260 691 314 729 eis
349 691 590 730 orationibus
625 705 726 741 quae
760 690 1003 740 Philippicae
1034 690 1288 728 nominantur
1320 689 1512 727 enituerat

185 755 280 794 civis
302 755 365 794 ille
387 764 475 794 tuus
498 757 799 801 Demosthenes,
823 763 861 793 et
888 756 997 804 quod
1017 768 1058 793 se
1079 755 1131 793 ab
1152 754 1228 791 hoc
1250 753 1511 791 refractariolo

185 819 357 858 iudiciali
391 820 550 858 dicendi
583 834 725 870 genere
757 819 986 858 abiunxerat
1024 826 1068 857 ut
1105 818 1324 868 σεμνότερός
1359 835 1414 859 τις
1451 818 1511 855 καὶ

183 886 467 934 πολιτικώτερος
487 884 691 932 videretur,
714 898 849 922 curare
873 891 915 922 ut
945 897 1056 922 meae
1084 897 1244 934 quoque
1273 890 1403 922 essent
1430 896 1510 921 ora-

185 949 312 988 tiones
333 963 433 999 quae
455 951 678 988 consulares
706 949 1012 987 nominarentur.
1072 951 1250 998 Quarum
1280 962 1360 987 una
1385 956 1443 986 est
1469 948 1510 986 in

184 1021 322 1052 senatu
356 1016 443 1052 Kal.
478 1013 679 1060 Ianuariis,
708 1015 828 1052 altera
857 1015 909 1052 ad
938 1015 1130 1064 populum
1161 1015 1211 1052 de
1242 1015 1326 1063 lege
1352 1013 1508 1063 agraria,

184 1078 296 1116 tertia
330 1080 380 1116 de
410 1079 581 1125 Othone,
617 1086 754 1128 quarta
786 1091 857 1127 pro
890 1078 1063 1124 Rabirio,
1098 1078 1235 1128 quinta
1268 1079 1317 1116 de
1351 1077 1511 1127 proscri-

106 1151 109 1153 ’
146 1157 161 1187 5
184 1150 340 1192 ptorum
363 1142 461 1190 filiis,
485 1150 593 1181 sexta
612 1156 702 1181 cum
724 1142 965 1192 provinciam
987 1142 1026 1180 in
1047 1142 1233 1181 contione
1257 1141 1433 1192 deposui,
1457 1155 1511 1180 se-

183 1207 307 1258 ptima
321 1222 442 1258 quom
459 1208 669 1247 Catilinam
686 1207 808 1253 emisi,
827 1215 965 1246 octava
981 1221 1099 1257 quam
1117 1206 1237 1245 habui
1253 1208 1303 1245 ad
1320 1208 1510 1256 populum

182 1272 370 1323 postridie
391 1287 511 1322 quarn
534 1272 704 1312 Catilina
724 1272 903 1323 profugit,
927 1286 1033 1310 nona
1061 1272 1101 1310 in
1128 1271 1314 1310 contione
1342 1285 1420 1321 quo
1447 1271 1511 1309 die

183 1338 415 1388 Allobroges
456 1337 688 1384 indicarunt,
730 1337 885 1375 decima
922 1336 961 1374 in
1001 1344 1137 1375 senatu
1177 1336 1304 1374 Nonis
1345 1338 1510 1374 Decem-

184 1401 328 1440 bribus.
403 1404 503 1441 Sunt
533 1410 732 1453 praeterea
762 1403 864 1441 duae
894 1402 1044 1448 breves,
1074 1400 1185 1450 quasi
1214 1402 1509 1450 ἀποσπασμάτια

184 1466 278 1516 legis
297 1467 477 1517 agrariae.
538 1469 632 1506 Hoc
652 1475 778 1505 totum
799 1471 908 1517 σῶμα
927 1467 1074 1504 curabo
1095 1473 1137 1503 ut
1157 1465 1302 1503 habeas
1319 1480 1329 1512 3
1359 1472 1396 1503 et
1417 1478 1510 1514 quo-

182 1530 289 1568 niam
311 1540 348 1569 te
370 1546 460 1570 cum
483 1531 626 1582 scripta
647 1540 730 1570 tum
751 1546 810 1570 res
836 1546 946 1570 meae
964 1532 1170 1576 delectant,
1190 1529 1315 1568 isdem
1337 1543 1383 1568 ex
1403 1529 1509 1568 libris

181 1596 392 1646 perspicies
419 1604 458 1634 et
482 1610 583 1647 quae
607 1596 791 1646 gesserim
821 1604 860 1635 et
890 1609 990 1646 quae
1017 1594 1180 1633 dixerim
1194 1609 1204 1642 3
1233 1602 1299 1632 aut
1320 1608 1370 1633 ne
1389 1607 1510 1644 popo<

181 1660 344 1708 scisses3
373 1675 445 1711 ego
466 1661 572 1699 enim
594 1661 665 1700 tibi
685 1675 748 1699 me
769 1675 850 1700 non
870 1660 1093 1699 offerebam.

236 1726 358 1774 Quod
388 1726 541 1776 quaeris
569 1725 665 1776 quid
690 1726 739 1764 sit
768 1740 848 1776 quo
878 1733 916 1763 te
942 1738 1146 1771 arcessam,
1177 1737 1224 1762 ac
1251 1723 1366 1762 simul
1390 1723 1508 1773 impe·
1527 1736 1553 1773 4

144 1790 307 1833 :ditum
341 1798 379 1829 te
412 1791 578 1841 negotiis
610 1805 695 1829 esse
726 1790 921 1841 significas
951 1803 1080 1839 neque
1109 1802 1263 1827 recusas
1293 1788 1398 1838 quin,
1428 1802 1509 1826 non

181 1856 302 1893 modo
330 1855 361 1893 si
382 1869 481 1905 opus
503 1855 551 1894 sit
573 1857 643 1894 sed
665 1855 782 1894 etiam
804 1855 836 1893 si
857 1854 985 1900 velim,
1007 1866 1199 1900 accurras,
1220 1852 1316 1890 nihil
1338 1866 1430 1891 sane
1451 1860 1509 1891 est

180 1933 355 1967 necesse,
385 1934 520 1958 verum
560 1927 692 1958 tamen
727 1919 911 1957 videbare
950 1917 1046 1956 mihi
1084 1925 1261 1967 tempora
1295 1917 1509 1966 peregrina-

180 1984 297 2022 tionis
314 1985 563 2023 commodius
577 1998 693 2034 posse
710 1984 932 2022 discribere.
975 1982 1103 2020 Nimis
1124 1982 1217 2020 abes
1239 1981 1317 2028 diu,
1341 1995 1509 2031 praeser-

180 2048 249 2086 tim
281 2062 371 2086 cum
393 2048 444 2086 sis
466 2049 505 2086 in
528 2048 759 2098 propinquis
781 2048 890 2095 locis,
921 2060 1050 2096 neque
1071 2060 1143 2084 nos
1165 2053 1202 2084 te
1223 2045 1384 2083 fruimur
1404 2054 1442 2084 et
1463 2053 1505 2084 tu

123 2128 135 2138 ⁴
180 2112 295 2151 nobis
317 2126 434 2150 cares.
493 2115 553 2151 Ac
574 2126 680 2150 nunc
701 2112 863 2162 quidem
885 2112 1009 2150 otium
1031 2118 1098 2157 est,
1123 2111 1205 2157 sed,
1227 2110 1257 2148 si
1278 2111 1395 2160 paulo
1416 2111 1506 2159 plus

224 2228 242 2256 4
268 2217 509 2248 Oratiunculas
535 2228 635 2257 usque
657 2217 704 2247 ad
729 2217 911 2247 offerebam
939 2216 971 2246 (l.
994 2217 1049 2254 23)
1067 2219 1211 2254 suspecta
1231 2214 1358 2252 Orcllso,
1375 2214 1448 2244 Fuit
1466 2214 1504 2253 (l.

182 2261 213 2300 7)
234 2272 334 2300 usque
349 2261 395 2290 ad
409 2261 593 2291 offerebam
605 2261 678 2291 aliis
765 2271 786 2300 9
812 2260 1061 2289 Demosthenes
1073 2259 1139 2289 secl.
1156 2257 1249 2288 Man.
1344 2259 1382 2287 16
1405 2268 1504 2296 quom

181 2305 305 2335 Orelli:
329 2315 395 2343 quo
414 2303 473 2334 M:
497 2314 564 2342 qua
580 2305 669 2343 vulg.
808 2305 845 2333 18
870 2303 1062 2332 indicarunt
1081 2303 1174 2332 Man.
1196 2313 1202 2331 :
1229 2302 1427 2330 invocarunt
1445 2299 1505 2330 M:

180 2348 398 2387 involgarunt
424 2347 563 2377 Hosius:
593 2347 784 2377 invocarem
810 2346 897 2376 Reid
1058 2355 1098 2383 24
1123 2356 1190 2384 quo
1213 2343 1274 2374 M:
1298 2345 1388 2383 quod
1413 2344 1502 2384 vulg.

178 2391 262 2423 Ant.
354 2391 395 2420 28
419 2390 603 2421 discribere
621 2388 663 2420 Zl
680 2402 687 2422 z
711 2390 904 2421 describere
923 2389 991 2421 CM
1005 2389 1058 2431 (ul
1074 2389 1155 2430 vid.)
