1817 2832
650 107 763 146 EPP.
794 108 873 146 AD
901 108 1162 148 ATTICVM
1478 109 1572 148 VII.
1596 109 1626 147 ii

259 216 500 268 amplissime
530 216 764 267 supplicatio
794 226 1008 256 consecuta
1036 226 1104 257 est.
1163 219 1200 256 A
1226 231 1306 268 quo
1337 217 1368 257 si
1403 233 1449 258 ea
1473 227 1583 269 gesta

259 290 388 320 essent
420 296 521 332 quae
553 282 716 333 scripsit,
748 284 960 332 gauderem
992 290 1030 321 et
1068 282 1208 322 honori
1240 284 1436 331 faverem,
1476 297 1581 322 nunc

258 346 367 385 illurn
398 347 466 397 qui
499 349 642 398 pedem
674 356 785 398 porta
819 349 951 398 quoad
986 348 1109 386 hostis
1144 348 1198 387 cis
1230 350 1471 399 Euphratem
1510 349 1581 388 suit

257 425 338 450 non
378 413 556 451 extulerit
587 414 736 452 honore
767 413 910 463 augeri,
948 427 1010 452 me
1045 413 1084 451 in
1119 413 1229 452 cuius
1265 413 1435 452 exercitu
1469 427 1580 464 spem

218 495 234 526 5
257 476 358 515 illius
389 477 579 516 exercitus
614 477 751 516 habuit
781 477 886 516 idem
916 492 997 516 non
1025 478 1190 528 adsequi
1218 480 1392 518 dedecus
1423 487 1482 518 est
1512 492 1580 518 no-

257 549 392 589 strum,
408 550 596 589 nostrum,
615 542 787 592 inquam,
803 550 841 581 te
861 540 1116 592 coniungens.
1158 545 1298 593 Itaque
1314 544 1448 582 omnia
1468 557 1580 594 expe-

256 606 329 644 riar
358 614 407 654 et,
439 615 481 645 ut
510 620 633 657 spero,
657 609 860 658 adsequar.
921 608 1043 656 Quod
1073 607 1104 646 si
1133 616 1175 646 tu
1196 610 1354 656 valeres,
1377 608 1454 648 iam
1482 608 1579 648 mihi

256 672 451 721 quaedam
473 673 671 722 explorata
691 685 822 710 essent
837 687 847 720 ,-
876 673 958 719 sed,
981 680 1023 710 ut
1044 686 1169 722 spero,
1192 673 1353 713 valebis.

309 736 371 774 De
393 737 629 775 raudusculo
652 736 896 775 Numeriano
918 738 1086 774 multum
1117 745 1155 775 te
1175 751 1276 776 amo.
1338 737 1577 776 Hortensius
1595 745 1619 784 7

198 818 234 839 10
253 799 349 849 quid
377 800 496 850 egerit
522 814 620 839 aveo
650 800 758 848 scire,
783 801 884 840 Cato
911 800 1007 850 quid
1036 808 1124 851 agat
1138 816 1148 849 ,·
1178 801 1245 851 qui
1270 801 1431 851 quidem
1452 801 1492 840 in
1514 815 1576 840 me

252 864 414 914 turpiter
434 865 506 903 fuit
522 866 747 904 malevolus.
809 864 931 903 Dedit
948 864 1186 915 integritatis,
1210 865 1389 912 iustitiae,
1408 867 1576 904 clemen-

0 934 5 990 ,
251 929 337 976 tiae,
371 929 463 968 fidei
492 929 588 967 mihi
618 929 887 968 testimonium
918 931 1026 979 quod
1046 928 1137 968 'non
1167 931 1432 980 quaerebam;
1466 932 1575 981 quod

250 995 510 1044 postulabam,
544 994 584 1033 id
613 994 779 1044 negavit.
841 996 981 1044 Itaque
1013 996 1157 1034 Caesar
1188 995 1233 1033 iis
1267 995 1401 1034 litteris
1432 995 1575 1045 quibus

250 1058 347 1097 mihi
379 1061 592 1109 gratulatur
629 1067 668 1098 et
706 1059 839 1097 omnia
877 1059 1083 1110 pollicetur
1121 1074 1200 1110 quo
1246 1062 1367 1099 modo
1410 1063 1575 1099 exsultat

190 1140 227 1172 15
250 1124 414 1163 Catonis
445 1124 485 1162 in
517 1138 580 1163 me
614 1124 863 1174 ingratissimi
898 1125 1061 1163 iniuria!
1117 1127 1171 1163 At
1205 1125 1268 1164 hic
1296 1125 1402 1164 idem
1431 1125 1574 1164 Bibulo

247 1188 400 1227 dierum
434 1201 504 1228 XX.
567 1191 734 1240 Ignosce
766 1188 863 1227 mihi
879 1204 890 1238 3
932 1203 1014 1228 non
1046 1203 1208 1241 possum
1243 1191 1340 1229 haec
1372 1191 1469 1229 ferre
1500 1204 1573 1229 nec

9 1170 14 1228 l

3 1230 13 1437 Ι
245 1255 377 1293 feram.

299 1318 429 1369 Cupio
449 1320 500 1358 ad
521 1318 649 1358 omnis
669 1326 755 1358 tuas
775 1318 971 1369 epistulas,
995 1320 1064 1358 sed
1085 1319 1181 1357 nihil
1202 1333 1362 1358 necesse
1383 1327 1464 1368 est;
1494 1320 1570 1358 iam
1590 1323 1614 1360 8

245 1384 350 1424 enim
372 1392 410 1424 te
430 1384 585 1424 videbo.
646 1386 751 1424 Illud
771 1392 903 1423 tamen
924 1386 974 1423 de
991 1385 1253 1435 Chrysippo-
1268 1399 1359 1423 nam
1381 1387 1431 1423 de
1450 1387 1572 1424 altero

188 1465 226 1487 20
245 1449 312 1488 illo
333 1449 463 1488 minus
485 1463 572 1487 sum
599 1449 828 1497 admiratus,
850 1449 1027 1499 operario
1053 1449 1241 1497 homine,
1271 1451 1340 1488 sed
1366 1457 1497 1488 tamen
1522 1464 1572 1488 ne

245 1513 312 1552 illo
333 1513 493 1563 quidem
516 1513 728 1563 quicquam
750 1513 978 1563 improbius.
1038 1513 1303 1563 Chrysippum
1331 1527 1422 1552 vero
1452 1528 1570 1564 quem

243 1591 316 1628 ego
332 1586 490 1628 propter
511 1578 766 1616 litterularum
788 1577 923 1616 nescio
944 1577 1039 1627 quid
1060 1577 1227 1616 libenter
1246 1577 1336 1624 vidi,
1360 1577 1399 1615 in
1421 1579 1570 1617 honore

243 1643 365 1682 habui
394 1643 596 1682 discedere
630 1657 653 1681 a
686 1656 809 1693 puero
843 1642 1034 1681 insciente
1064 1646 1151 1681 mel
1210 1642 1330 1681 Mitto
1363 1643 1439 1681 alia
1470 1657 1570 1693 quae

243 1707 363 1746 audio
392 1710 524 1754 multa,
549 1707 661 1746 mitto
691 1709 815 1754 furta3
858 1709 989 1757 fugam
1019 1721 1099 1746 non
1129 1709 1211 1746 fero
1241 1721 1318 1757 qua
1348 1708 1444 1746 mihi
1473 1708 1570 1747 nihil

188 1789 226 1821 25
245 1772 371 1810 visum
401 1781 459 1811 est
488 1772 722 1811 sceleratius.
784 1775 924 1822 Itaque
958 1772 1139 1822 usurpavi
1170 1780 1281 1811 vetus
1310 1773 1407 1811 illud
1438 1774 1566 1820 Drusi,

244 1844 286 1875 ut
306 1839 443 1884 ferunt,
466 1837 653 1887 praetoris
683 1837 723 1876 in
753 1851 800 1876 eo
830 1837 897 1887 qui
927 1839 1066 1876 eadem
1096 1837 1193 1876 liber
1221 1851 1302 1875 non
1331 1837 1483 1885 iuraret,
1506 1852 1569 1876 me

241 1901 336 1940 istos
365 1902 507 1940 liberos
537 1916 618 1941 non
647 1902 855 1950 addixisse,
888 1902 1115 1952 praesertim
1150 1915 1240 1939 cum
1267 1904 1423 1941 adesset
1450 1916 1568 1941 nemo

239 1979 262 2003 a
282 1979 361 2015 quo
382 1974 485 2004 recte
505 1966 807 2006 vindicarentur.
867 1968 915 2005 Id
937 1974 988 2014 tu,
1013 1974 1055 2005 ut
1073 1966 1279 2014 videbitur,
1303 1966 1355 2005 ita
1374 1966 1542 2018 accipies
1558 1983 1567 2016 3

240 2044 312 2080 ego
333 2030 403 2068 tibi
423 2030 628 2068 adsentiar.

182 2113 221 2143 30
294 2094 371 2131 Vni
393 2102 481 2132 tuae
502 2094 779 2133 disertissimae
803 2094 992 2145 epistulae
1020 2109 1099 2133 non
1127 2095 1305 2146 rescripsi
1334 2095 1374 2133 in
1402 2109 1479 2146 qua
1507 2104 1565 2134 est

286 2210 298 2229 1
326 2200 530 2238 amplissima
563 2199 646 2230 Pius
791 2211 811 2237 4
835 2199 955 2229 extulit
978 2199 1062 2230 Ant.
1090 2199 1208 2230 Lmnb.
1366 2209 1385 2238 5
1411 2200 1565 2230 habuerit

239 2253 318 2274 conl.
341 2243 530 2283 ll⁷esenberg
709 2251 746 2280 13
773 2242 805 2272 id
825 2244 968 2281 negavit.
1018 2242 1135 2281 Itaque
1158 2242 1308 2273 Ernesti:
1335 2243 1479 2282 negavit.
1527 2243 1565 2273 Id

239 2287 352 2325 itaque
376 2286 434 2316 M:
459 2286 603 2324 negavit.
652 2285 769 2325 Itaque
795 2286 888 2316 Man.
1000 2287 1038 2315 16
1062 2287 1192 2316 dierum
1217 2296 1263 2316 xx
1287 2287 1392 2327 vulg:
1417 2296 1487 2317 Dxx
1504 2286 1562 2316 M:

239 2329 386 2360 decrevit
405 2331 460 2371 (sc.
476 2329 742 2370 supplicationem
760 2330 859 2360 unius
874 2329 947 2370 clici)
978 2328 1117 2360 Vrsinus
1131 2340 1171 2360 cx
1185 2329 1283 2360 codice
