1790 2837
657 129 769 167 EPP.
802 130 880 167 AD
911 130 1171 169 ATTICVM
1553 134 1582 172 I.
1602 135 1680 170 xiv

258 238 360 277 Cato
388 239 559 287 advolat,
580 228 803 278 convicium
834 239 968 278 Pisoni
998 241 1149 280 consuli
1180 242 1387 281 mirificum
1417 243 1521 291 facit,
1551 243 1583 282 si

256 301 298 341 id
327 310 385 341 est
414 304 651 352 convicium,
685 318 760 343 vox
789 306 906 355 plena
934 306 1145 355 gravitatisj
1178 309 1296 357 plena
1329 308 1579 356 auctoritatis,

255 369 373 418 plena
401 368 573 418 denique
603 369 747 408 salutis.
806 370 973 408 Accedit
1003 372 1144 409 eodem
1175 372 1292 410 etiam
1322 381 1454 411 noster
1481 375 1583 412 Hor-

255 433 416 479 tensius,
440 434 551 472 multi
582 442 781 484 praeterea
811 435 906 474 boni
922 450 932 483 3
970 435 1132 486 insignis
1162 450 1253 475 vero
1285 451 1402 488 opera
1433 438 1581 476 Favoni

219 512 236 543 5
255 498 337 536 fuit.
398 500 491 537 Hoc
519 513 712 538 concursu
737 500 985 550 optimatium
1013 501 1173 539 comitia
1193 502 1450 550 dimittuntur,
1474 516 1580 541 sena-

255 571 317 601 tus
355 572 527 602 vocatur.
588 566 691 604 Cum
726 566 999 603 decerneretur
1033 566 1226 616 frequenti
1261 575 1408 614 senatu,
1446 575 1581 606 contra

254 637 455 679 pugnante
488 629 644 677 Pisone,
674 631 724 668 ad
756 631 877 680 pedes
912 631 1089 669 omnium
1122 632 1344 681 singillatim
1376 632 1581 670 accidente

256 693 410 740 Clodio,
435 701 477 732 ut
507 696 688 732 consules
721 696 912 744 populum
937 697 1232 734 cohortarentur
1257 698 1308 735 ad
1338 696 1579 746 rogationem

255 758 538 808 accipiendam,
562 758 743 797 homines
773 760 823 797 ad
853 759 1078 809 quindecim
1106 760 1268 800 Curioni
1295 763 1445 799 nullum
1474 774 1581 799 senaa

199 836 238 858 10
257 831 319 861 tus
348 825 572 862 consultum
602 824 760 862 facienti
790 826 1075 873 adsenserunt;
1109 839 1155 863 ex
1183 828 1302 864 altera
1330 834 1437 876 parte
1468 826 1580 865 facile

256 900 356 926 cccc
376 890 541 927 fuerunt.
594 891 694 927 Acta
714 903 773 928 res
794 898 862 927 est.
914 891 1048 928 Fufius
1068 890 1247 929 tribunus
1268 899 1350 929 tum
1372 891 1576 929 concessit.

256 953 421 992 Clodius
460 953 666 992 contiones
698 954 857 992 miseras
888 955 1071 1002 habebat,
1107 955 1147 993 in
1179 956 1321 1005 quibus
1356 958 1578 1004 Lucullum,

255 1018 527 1065 Hortensium,
548 1019 591 1057 C.
613 1018 812 1065 Pisonem,
831 1021 1056 1057 Messallam
1074 1021 1276 1058 consulem
1292 1020 1578 1059 contumeliose

254 1083 460 1130 laedebat3
503 1096 567 1120 me
605 1090 758 1120 tantum
795 1082 1078 1132 ‘comperisse’
1117 1084 1250 1122 omnia
1288 1083 1574 1123 criminabatur.

198 1158 234 1189 15
255 1147 420 1185 Senatus
441 1155 479 1185 et
498 1148 550 1185 de
570 1147 780 1197 provinciis
801 1156 1023 1197 praetorum
1051 1156 1088 1186 et
1113 1149 1163 1186 de
1190 1148 1449 1198 legationibus
1471 1157 1508 1188 et
1529 1151 1579 1188 de

253 1211 391 1249 ceteris
412 1212 528 1250 rebus
549 1212 787 1250 decernebat
811 1219 853 1250 ut
879 1219 970 1250 ante
997 1225 1115 1262 quam
1140 1212 1289 1262 rogatio
1310 1214 1386 1251 lata
1407 1220 1508 1251 esset
1529 1227 1577 1252 ne

253 1276 351 1326 quid
371 1285 556 1326 ageretur.

309 1342 447 1380 Habes
475 1356 534 1380 res
563 1344 775 1381 Romanas.
836 1343 914 1381 Sed
935 1350 1067 1381 tamen
1088 1343 1206 1381 etiam
1234 1343 1331 1382 illud
1360 1345 1468 1393 quod
1496 1358 1576 1382 non
1596 1345 1623 1381 6

254 1421 449 1458 speraram
480 1407 584 1446 audi.
644 1409 830 1446 Messalla
862 1409 999 1446 consul
1031 1416 1088 1446 est
1118 1409 1303 1459 egregius,
1336 1409 1457 1457 fortis,
1487 1423 1578 1447 con-

195 1483 236 1506 20
255 1479 373 1519 stans,
396 1472 572 1522 diligens,
596 1472 718 1511 nostri
747 1473 935 1519 laudator,
958 1481 1120 1519 amator,
1141 1473 1320 1511 imitator.
1383 1475 1454 1512 Ille
1483 1475 1579 1513 alter

253 1550 334 1574 uno
363 1537 457 1575 vitio
492 1537 620 1575 minus
650 1537 811 1575 vitiosus
842 1538 950 1586 quod
983 1536 1095 1583 iners,
1130 1539 1237 1586 quod
1268 1537 1396 1575 somni
1425 1539 1574 1588 plenus,

213 1602 362 1651 ·“quod
391 1601 606 1651 imperitus,
627 1603 735 1651 quod
763 1603 1045 1651 ἀπρακτότατος,
1073 1603 1142 1640 sed
1165 1604 1366 1640 voluntate
1392 1602 1445 1640 ita
1474 1605 1579 1655 καχέ-

253 1684 339 1715 κτης
358 1674 400 1704 ut
422 1665 653 1715 Pompeium
677 1674 765 1716 post
786 1665 891 1704 illam
912 1666 1140 1704 contionem
1167 1666 1206 1703 in
1232 1680 1309 1716 qua
1332 1667 1381 1705 ab
1403 1680 1450 1705 eo
1471 1681 1578 1706 sena-

252 1737 314 1768 tus
334 1732 515 1768 laudatus
536 1738 593 1768 est
615 1730 746 1768 odisse
767 1730 950 1780 coeperit.
1012 1732 1152 1779 Itaque
1178 1730 1318 1768 mirum
1346 1730 1385 1767 in
1412 1733 1577 1769 modum

195 1807 232 1839 25
253 1794 381 1833 omnis
419 1808 442 1832 a
479 1807 520 1832 se
559 1794 685 1832 bonos
723 1794 916 1832 alienavit.
988 1796 1129 1843 Neque
1168 1794 1208 1832 id
1248 1794 1369 1844 magis
1407 1795 1577 1834 amicitia

253 1859 370 1898 Clodi
399 1860 594 1897 adductus
618 1858 709 1897 fecit
738 1872 856 1908 quarn
885 1859 1015 1897 studio
1036 1858 1275 1909 perditarum
1302 1873 1428 1897 rerum
1458 1868 1576 1909 atque

250 1924 429 1974 partium.
489 1925 567 1962 Sed
598 1924 717 1962 habet
751 1923 809 1962 sui
837 1923 1003 1962 similem
1038 1924 1091 1961 in'
1110 1915 1396 1974 magistratibus
1428 1933 1577 1973 praeter

252 1989 407 2026 Fufium
428 1988 640 2026 neminem.
702 1988 822 2027 Bonis
844 1988 989 2026 utimur
1013 1988 1177 2026 tribunis
1199 1990 1263 2038 pl.‚
1287 1989 1464 2028 Cornuto
1484 2003 1576 2028 vero

252 2052 562 2090 Pseudocatone.
623 2052 732 2101 Quid
754 2052 939 2102 quaeris?

298 2165 311 2185 1
338 2155 524 2186 convicium
554 2155 596 2185 M
619 2155 781 2195 (marght
816 2155 1050 2186 commulcium
1078 2157 1126 2186 Z:
1161 2157 1421 2188 commulticiurn
1448 2157 1508 2188 M:
1540 2161 1576 2188 (τί

252 2209 332 2228 mox
355 2198 389 2238 (l.
410 2200 443 2236 2)
470 2199 699 2229 commultium
726 2199 803 2230 ZM.
852 2199 1004 2229 Sclmu'dt
1031 2198 1129 2239 thie
1152 2200 1434 2239 lzandsclzrz'sts'fclu‘
1463 2201 1572 2232 Ueber-

251 2241 423 2281 lz'efernng'
444 2246 477 2280 p.
502 2246 579 2280 3473
603 2246 699 2281 putat
729 2242 959 2272 commulcium
976 2243 1083 2281 fnisse
1113 2244 1305 2273 vocabulum
1332 2245 1477 2283 vulgatis
1502 2255 1572 2274 ora-

252 2285 354 2318 tionis,
381 2284 585 2324 probabiliter
592 2296 604 2321 ,·
637 2286 745 2325 confer
767 2285 928 2316 Plautum
961 2285 1055 2317 splerc.
1084 2296 1124 2325 59
1152 2290 1180 2315 ct
1205 2287 1411 2317 Lambinmn
1443 2288 1490 2318 ad
1517 2288 1571 2318 loc.

255 2337 289 2357 11
317 2327 420 2368 Acta]
445 2327 597 2367 Accepta
621 2328 762 2369 Madvig
892 2334 960 2359 tum
986 2330 1105 2360 Alam:
1145 2331 1281 2360 tertium
1298 2331 1408 2362 codd.:
1434 2332 1574 2361 territus

253 2369 410 2400 Graevius

1449 2428 1486 2447 o*
