1817 2832
652 111 764 149 EPP.
796 112 873 149 AD
903 111 1164 151 ATTICVM
1475 112 1569 149 VII.
1588 112 1681 149 xvii

291 222 377 272 Ego
398 235 460 260 1111
483 224 621 262 Nonas
643 223 768 270 Febr.‚
786 236 866 273 quo
886 222 950 262 die
970 223 1039 261 has
1059 222 1205 261 litteras
1226 221 1330 270 dedi,
1353 221 1393 261 in
1415 223 1561 262 Formi·
1579 233 1604 272 5

236 298 324 333 ano,
347 300 426 337 quo
457 288 594 337 Capua
622 287 824 334 redieram,
846 287 1027 326 mulieres
1057 288 1343 337 exspectabam.
1405 288 1560 336 Quibus

237 351 397 401 quidem
418 352 646 402 scripseram
673 352 749 390 tuis
776 352 910 390 litteris
929 351 1156 390 admonitus
1183 359 1225 389 ut
1253 353 1406 390 Romae
1430 366 1562 391 mane-

235 424 330 454 rent.
390 417 468 454 Sed
488 416 607 454 audio
628 416 816 454 maiorem
843 417 1043 466 quendam
1071 415 1110 453 in
1131 416 1227 454 urbe
1254 416 1436 454 timorem
1462 430 1557 456 esse.

198 492 216 524 5
237 481 398 530 Capuae
418 480 546 519 Nonis
575 481 685 519 Febr.
709 495 793 519 esse
813 482 1006 527 volebam,
1030 480 1121 530 quia
1147 482 1328 519 consules
1356 481 1558 521 iusserant.

236 545 438 595 Quicquid
460 547 537 583 huc
557 546 628 584 erit
647 559 670 583 a
691 545 883 595 Pompeio
902 547 1088 592 adlatum,
1112 545 1242 584 statim
1262 548 1313 585 ad
1334 553 1372 586 te
1392 546 1559 586 scribam

235 618 400 660 tuasque
421 611 471 649 de
491 610 573 649 istis
594 610 709 648 rebus
730 610 874 648 litteras
895 611 1142 661 exspectabo.

278 726 439 762 XVIII
483 728 551 761 Scr.
570 730 602 761 in
620 730 801 761 Formiano
817 730 853 760 iii
865 729 951 761 Non.
971 730 1062 762 Febr.
1083 741 1113 761 α.
1137 740 1191 770 705
1208 730 1296 773 (49).

641 806 812 838 CICERO
834 806 1017 838 ATTICO
1038 806 1142 839 SAL.

179 897 216 919 10
289 896 352 922 1111
384 886 489 923 Non.
517 884 628 922 Febr.
659 884 839 923 mulieres
869 892 1024 923 nostrae
1055 884 1230 923 Formias
1259 893 1450 924 venerunt
1479 893 1559 924 tua·
1579 898 1595 924 1

235 962 312 998 que
332 962 421 998 erga
449 962 491 987 se
517 948 644 987 officia
668 950 785 998 plena
814 948 868 986 tui
896 948 1113 986 suavissimi
1139 949 1242 987 studi
1265 951 1316 988 ad
1343 964 1406 988 me
1433 959 1560 1000 pertu-

234 1013 371 1050 lerunt.
433 1014 509 1050 Eas
538 1025 621 1060 ego,
645 1013 777 1061 quoad
807 1012 993 1050 sciremus
1022 1020 1151 1049 utrum
1187 1012 1289 1061 turpi
1318 1026 1414 1062 pace
1442 1013 1557 1052 nobis

234 1089 283 1113 an
314 1076 456 1114 misero
485 1076 590 1114 bello
619 1083 720 1113 esset
747 1077 951 1122 utendum,
973 1075 1013 1112 in
1042 1076 1251 1114 Formiano
1276 1090 1361 1114 esse
1387 1077 1493 1115 volui
1520 1085 1558 1115 et

234 1154 312 1178 una
329 1141 552 1180 Cicerones.
594 1141 685 1190 Ipse
705 1153 795 1178 cum
816 1141 930 1178 fratre
944 1141 1122 1189 Capuam
1142 1142 1193 1179 ad
1209 1142 1390 1178 consules
1412 1142 1557 1191 (Nonis

177 1220 214 1251 15
234 1205 339 1243 enirn
360 1207 498 1244 adesse
517 1204 611 1243 iussi
634 1204 785 1255 sumus)
808 1216 854 1242 111
876 1205 1013 1243 Nonas
1033 1205 1230 1254 profectus
1251 1217 1352 1253 sum,
1372 1218 1462 1243 cum
1487 1206 1556 1244 has

233 1270 378 1309 litteras
399 1270 503 1309 dedi.

288 1337 496 1384 Responsa
526 1334 690 1385 Pompei
713 1342 819 1384 grata
848 1336 996 1385 populo
1017 1342 1054 1373 et
1081 1335 1245 1385 probata
1271 1334 1447 1373 contioni
1472 1349 1556 1374 esse

233 1399 426 1438 dicuntur.
486 1402 548 1438 Ita
580 1408 769 1450 putaram.
829 1402 943 1449 Quae
971 1400 1133 1450 quidem
1165 1400 1228 1438 ille
1265 1402 1302 1438 si
1331 1394 1553 1450 repudiarit,

232 1463 399 1512 iacebit3
432 1464 463 1503 si
492 1464 748 1514 acceperit—.
811 1467 972 1502 ‘Vtrum
1002 1464 1137 1514 igitur'
1170 1464 1324 1514 inquies
1362 1465 1555 1504 ‘mavis?²

174 1545 213 1567 20
234 1530 544 1580 Responderem,
568 1530 599 1568 si
629 1544 746 1580 quem
776 1530 827 1568 ad
857 1531 1021 1568 modum
1051 1529 1173 1579 parati
1200 1543 1374 1567 essemus
1402 1530 1551 1569 scirem.

232 1594 413 1632 Cassium
435 1602 514 1632 erat
535 1594 599 1632 hic
618 1594 798 1632 auditum
820 1596 1025 1644 expulsum
1046 1596 1214 1632 Ancona
1229 1607 1396 1643 eamque
1416 1595 1552 1633 urbem
1572 1606 1597 1634 2

228 1670 251 1695 a
289 1658 404 1696 nobis
443 1658 575 1697 teneri.
635 1658 675 1697 Si
710 1659 857 1697 bellum
897 1660 1070 1697 futurum
1104 1666 1173 1705 est,
1206 1658 1408 1708 negotium
1447 1659 1551 1697 utile.

230 1723 437 1762 Caesarem
459 1724 620 1773 quidem
648 1726 691 1762 L.
715 1725 883 1763 Caesare
904 1738 994 1763 cum
1022 1723 1217 1762 mandatis
1238 1725 1288 1762 de
1313 1737 1409 1774 pace
1434 1724 1554 1763 misso

229 1794 361 1826 tamen
389 1788 498 1826 aiunt
524 1789 711 1827 acerrime
740 1789 929 1828 dilectum
956 1790 1112 1836 habere,
1135 1791 1222 1827 loca
1247 1802 1451 1839 occupare,
1474 1789 1553 1827 vin-

171 1866 210 1897 25
229 1851 306 1889 cire
344 1852 556 1902 praesidiis.
616 1854 651 1892 O
691 1853 887 1903 perditum
927 1856 1143 1892 latronem!
1190 1867 1214 1891 ο
1252 1853 1315 1891 vix
1353 1855 1433 1891 ullo
1471 1854 1551 1892 otio

229 1920 565 1967 compensandam
613 1920 715 1957 hanc
763 1919 817 1957 rei
864 1920 1047 1969 publicae
1095 1919 1402 1969 turpitudinem!
1473 1921 1551 1958 Sed

228 1982 461 2020 stomachari
489 1982 724 2029 desinamus,
748 1984 915 2033 tempori
942 1998 1158 2034 pareamus,
1181 1998 1272 2022 cum
1300 1983 1491 2034 Pompeio
1512 1984 1550 2022 in

228 2045 465 2096 Hispaniam
495 2060 639 2085 eamus.
700 2049 814 2085 Haec
844 2048 992 2098 optima
1022 2048 1060 2085 in
1089 2048 1209 2095 malis,
1234 2048 1422 2098 quoniam
1449 2048 1550 2087 illius

273 2159 307 2178 11
336 2149 547 2187 pertulerunt
570 2150 616 2180 C:
642 2151 827 2181 attulerunt
851 2151 893 2180 M
1072 2161 1109 2181 12
1133 2153 1244 2190 quoad
1263 2153 1337 2185 Ber.
1357 2152 1548 2182 NHOPSI:

226 2193 314 2230 quod
332 2191 373 2221 M
479 2194 568 2232 turpi
594 2193 701 2223 FNZ:
730 2200 828 2233 turpe
850 2193 891 2223 M
1031 2204 1069 2232 13
1094 2195 1218 2224 misero
1240 2196 1322 2224 Ant.
1345 2193 1396 2224 Z:
1425 2195 1549 2224 misere

225 2235 267 2265 M
413 2236 450 2265 18
477 2236 526 2266 Ita
555 2242 704 2275 putaram
738 2248 804 2268 om.
833 2237 888 2266 Ml
1044 2247 1082 2276 19
1105 2241 1181 2277 post
1205 2237 1374 2276 acceperit
1410 2237 1546 2268 addend.

225 2279 315 2317 perit
337 2283 435 2318 putat
467 2280 600 2318 Tyrrell:
619 2281 700 2319 soff.
730 2281 864 2310 addend.
895 2280 1011 2310 consul
1040 2281 1104 2310 erit
1237 2290 1277 2318 24
1303 2281 1430 2310 vincire
1459 2280 1544 2311 Crat.

226 2322 350 2351 Msiller
361 2323 426 2353 coll.
448 2323 525 2363 Leg.
541 2323 626 2363 Agr.
649 2325 679 2354 ii.
702 2326 763 2354 86:
792 2324 913 2353 vinciri
940 2324 994 2354 M:
1028 2324 1158 2354 munire
1191 2323 1376 2353 Gronovius
1507 2324 1549 2354 28

224 2365 349 2404 optima
371 2365 525 2406 szsms:
557 2372 637 2407 opto
661 2366 720 2397 M:
748 2368 840 2406 optio
861 2368 1037 2399 Gruterus:
1054 2369 1134 2406 sort.
1154 2372 1235 2406 opto
1254 2373 1288 2398 ut
