1817 2832
158 130 265 169 1V.1
619 134 674 172 M.
707 134 877 172 TVLLI
908 135 1215 174 CICERONIS

308 242 501 283 Postridie
539 244 579 282 in
619 252 756 283 senatu
791 245 857 296 qui
896 245 968 284 fuit
1002 246 1085 284 dies
1121 248 1327 286 Nonarum
1361 238 1642 299 Septembm)›⁸'·
1667 231 1711 257 ’ΛΚ

205 308 404 348 6senatui
441 309 582 359 gratias
621 309 781 360 egimus.
867 312 928 350 Eo
966 310 1090 350 biduo
1128 325 1218 350 cum
1261 321 1362 352 esset
1399 327 1581 352 annonae

251 386 406 412 summa
435 374 574 412 caritas
606 382 645 413 et
674 375 856 414 homines
885 377 936 414 ad
967 377 1162 414 theatrum
1192 377 1330 427 primo,
1357 378 1501 417 deinde
1529 379 1581 417 ad

250 446 430 476 senatum
460 440 759 487 concurrissent,
783 441 955 491 impulsu
986 441 1103 481 Clodi
1134 455 1221 480 mea
1250 456 1368 492 opera
1396 443 1580 481 frumenti

249 503 548 553 inopiam'esse
592 507 816 553 clamarent,
858 521 949 545 cum
989 520 1057 557 per
1095 519 1162 545 eos
1204 507 1289 545 dies
1331 516 1487 546 senatus
1530 509 1580 547 de
1601 523 1620 554 5

248 582 406 607 annona
436 570 644 614 haberetur
673 579 710 609 et
739 573 790 610 ad
820 571 903 610 eius
934 572 1250 622 procurationem
1286 586 1465 611 sermone
1498 587 1580 612 non

248 635 375 672 solum
410 635 536 684 plebis
574 649 709 674 verum
748 636 866 675 etiarn
898 637 1094 675 bonorum
1130 637 1344 687 Pompeius
1378 646 1581 676 vocaretur

247 699 368 749 idque
402 700 485 750 ipse
519 709 679 751 cuperet
714 702 1007 752 multitudoque
1041 716 1064 741 a
1097 716 1161 741 me
1195 702 1429 741 nominatim
1462 710 1506 741 ut
1538 703 1580 753 id

248 766 500 804 decernerem
539 769 765 816 postularet,
807 767 880 806 feci
920 776 958 805 et
992 776 1173 806 accurate
1212 767 1447 806 sententiam
1486 767 1577 807 dixi.

249 833 352 869 Cum
379 833 563 870 abessent
590 835 824 880 consulares,
849 835 958 883 quod
986 841 1071 872 tuto
1092 848 1132 872 se
1153 841 1339 883 negarent
1359 848 1475 884 posse
1495 847 1580 873 sen·
1601 850 1637 874 10

247 896 410 934 tentiam
436 897 576 944 dicere,
605 905 757 947 praeter
782 900 1010 936 Messallam
1040 906 1079 936 et
1106 898 1322 945 Afranium,
1346 900 1493 937 factum
1521 907 1579 937 est

248 970 405 1000 senatus
436 964 661 1001 consultum
692 963 730 1001 in
762 977 890 1002 meam
922 964 1169 1011 sententiam,
1192 972 1234 1002 ut
1263 978 1353 1002 cum
1386 964 1579 1014 Pompeio

247 1036 423 1077 ageretur
461 1036 503 1066 ut
541 1042 628 1067 eam
667 1042 748 1067 rem
788 1029 1003 1080 susciperet
1041 1031 1181 1080 lexque
1223 1031 1392 1068 ferretur.
1485 1032 1578 1079 Quo

247 1102 405 1132 senatus
426 1096 608 1133 consulto
636 1095 798 1134 recitato
824 1110 913 1134 cum
933 1098 1103 1145 populus
1123 1110 1231 1134 more
1258 1097 1334 1134 hoc
1363 1096 1512 1134 insulso
1540 1104 1578 1134 et

245 1172 352 1197 novo
381 1161 562 1209 plausum
592 1173 682 1198 meo
712 1160 874 1199 nomine
903 1160 1105 1199 recitando
1128 1160 1312 1207 dedisset,
1336 1161 1456 1199 habui
1486 1174 1577 1199 con·
1598 1175 1635 1207 15

247 1224 407 1262 tionem.
467 1225 618 1264 Omnes
640 1225 884 1276 magistratus
906 1234 1130 1276 praesentes
1157 1234 1308 1277 praeter
1327 1240 1450 1264 unum
1471 1240 1577 1276 prae-

203 1296 371 1341 7torem
405 1297 444 1328 et
481 1291 582 1329 duos
617 1290 795 1329 tribunos
828 1293 878 1341 pl.
915 1293 1120 1330 dederunt.
1190 1292 1384 1330 Postridie
1418 1300 1576 1330 senatus

168 1344 177 1348 -
245 1356 429 1405 frequens
468 1363 506 1394 et
544 1369 682 1394 omnes
725 1358 950 1395 consulares
989 1357 1095 1394 nihil
1127 1357 1318 1406 Pompeio
1361 1357 1575 1406 postulanti

244 1427 444 1470 negarunt.
489 1421 562 1458 Ille
578 1422 726 1470 legatos
747 1421 975 1470 quindecim
997 1435 1088 1460 cum
1104 1424 1328 1473 postularet,
1354 1437 1416 1462 me
1437 1422 1576 1473 princi-

242 1499 334 1536 pem
369 1485 587 1524 nominavit
625 1493 663 1524 et
700 1488 751 1524 ad
790 1487 924 1525 omnia
962 1501 1025 1526 me
1062 1489 1227 1526 alterum
1267 1502 1307 1527 se
1345 1490 1427 1527 fore
1465 1488 1571 1527 dixit.
1598 1506 1635 1527 20

245 1553 391 1601 Legem
431 1553 612 1589 consules
651 1551 967 1602 conscripserunt
1006 1567 1084 1603 qua
1124 1554 1314 1604 Pompeio
1352 1568 1420 1604 per
1465 1552 1575 1603 quin-

240 1616 461 1665 quennium
490 1615 618 1654 omnis
648 1624 821 1665 potestas
850 1616 903 1654 rei
929 1618 1204 1656 frumentariae
1230 1626 1312 1657 toto
1343 1619 1437 1657 orbe
1462 1626 1575 1656 terra-

243 1694 329 1718 rum
368 1682 534 1727 daretur,
575 1682 736 1719 alteram
784 1681 953 1719 Messius
993 1682 1060 1732 qui
1099 1683 1227 1720 omnis
1270 1683 1460 1733 pecuniae
1505 1684 1572 1721 dat

244 1753 479 1796 potestatem
505 1753 542 1784 et
571 1744 748 1795 adiungit
778 1747 941 1784 classem
973 1754 1011 1785 et
1041 1747 1250 1785 exercitum
1282 1755 1319 1786 et
1350 1748 1475 1786 maius
1505 1747 1573 1786 im-

244 1811 395 1861 perium
427 1811 466 1848 in
501 1811 711 1861 provinciis
746 1825 863 1861 quam
900 1812 948 1850 sit
982 1826 1117 1851 eorum
1152 1813 1219 1862 qui
1253 1827 1318 1851 eas
1353 1813 1568 1852 obtineant.
1595 1832 1631 1863 25

245 1877 318 1914 Illa
338 1884 470 1914 nostra
490 1877 551 1914 lex
571 1875 785 1914 consularis
812 1890 918 1914 nunc
940 1879 1119 1915 modesta
1139 1877 1302 1923 videtur,
1326 1879 1422 1916 haec
1449 1878 1570 1916 Messi

243 1955 323 1979 non
345 1942 515 1979 ferenda.
562 1942 774 1991 Pompeius
796 1941 901 1979 illam
922 1943 1021 1980 velle
1042 1956 1082 1980 se
1103 1942 1209 1989 dicit,
1228 1942 1434 1980 familiares
1456 1944 1568 1981 hanc.

244 2009 480 2046 Consulares
501 2008 602 2046 duce
620 2007 795 2046 Favonio
817 2009 1011 2056 fremunt3
1040 2022 1113 2046 nos
1130 2016 1305 2046 tacemus
1321 2016 1358 2046 et
1379 2022 1427 2047 eo
1448 2008 1570 2059 magis

290 2124 302 2142 r
330 2113 403 2142 dies
421 2112 594 2142 Nonarum
620 2112 818 2142 inusitatum
836 2116 905 2141 lam
930 2112 980 2141 l11'c
1001 2122 1103 2150 quam
1129 2112 1226 2143 Fam.
1256 2112 1300 2143 iii.
1320 2122 1367 2142 Π.
1389 2122 1416 2148 1,
1432 2112 1513 2150 fort.
1532 2123 1572 2142 ex

242 2158 332 2188 Non.
364 2160 474 2186 ortum
628 2167 664 2194 14
689 2166 762 2186 cum
791 2156 935 2195 populus
962 2166 1052 2185 more
1079 2154 1126 2185 Al
1153 2156 1266 2187 CraL:
1291 2156 1454 2186 continuo
1477 2166 1569 2186 more

243 2198 463 2231 CONPMks:
488 2210 563 2230 cum
582 2210 676 2229 more
694 2199 768 2229 M‘’:
806 2200 966 2229 continuo
993 2209 1066 2229 cum
1093 2209 1183 2229 more
1201 2199 1331 2231 Baiter:
1359 2209 1432 2229 curn
1457 2200 1570 2229 contio

242 2254 335 2275 rnore
363 2243 455 2274 Man.
476 2255 483 2274 :
519 2247 594 2273 ante
612 2243 763 2282 plausum
789 2242 864 2272 add.
895 2242 938 2281 pl.
954 2243 1130 2282 (populus‘n
1150 2243 1234 2272 Boot
1361 2253 1398 2282 15
1425 2242 1516 2283 meo]
1535 2242 1567 2272 in

242 2299 317 2318 mco
335 2287 460 2327 Zmnpl
475 2287 533 2317 scd
554 2287 590 2326 cf.
610 2286 750 2326 Madvig
768 2288 775 2303 ⁴
792 2286 945 2316 Gramm.
967 2285 1052 2315 [ΛΝ
1073 2289 1087 2322 ξ
1108 2288 1171 2324 416
1188 2287 1251 2316 obs,
1275 2297 1287 2316 1
1437 2288 1474 2316 16
1496 2290 1572 2316 ante

241 2341 359 2361 omncs
383 2331 457 2361 add.
479 2341 578 2369 quam
602 2329 793 2369 [Vrscnbm'g
812 2340 887 2359 cnm
909 2329 973 2359 cod.
998 2328 1111 2359 Vrsini
1264 2330 1302 2359 18
1327 2329 1510 2368 frequens:
1535 2334 1568 2359 et

240 2375 352 2405 Baim·
417 2374 616 2404 consulares
636 2374 695 2412 (sc.
713 2373 865 2411 adcmnt)
882 2385 889 2411 ;
914 2372 995 2402 nihil
1010 2372 1124 2403 Bo'clecl
1211 2383 1253 2404 20
1268 2374 1309 2403 ad
1327 2374 1438 2404 omnia
1453 2372 1568 2404 EOP:

241 2419 351 2448 omnia
373 2418 484 2449 NMs:
512 2417 649 2447 omnino
670 2416 757 2447 Reid
886 2426 926 2455 24
951 2417 1103 2456 adiungit
1125 2415 1211 2448 Crat.
1231 2428 1238 2447 ε
1262 2417 1415 2447 adiunxit
1431 2416 1519 2448 codd.
