1790 2837
619 112 731 150 EPP.
763 111 841 149 AD
870 110 1132 150 ATTICVM
1514 109 1544 147 I.
1567 117 1599 146 x

225 221 308 262 eius
333 221 388 262 rei
414 229 522 261 tuam
550 221 770 272 perspicere
796 220 942 260 videor.
1003 222 1096 260 Hoc
1128 227 1165 260 te
1197 219 1420 270 intellegere
1451 221 1556 267 volo,

223 288 459 338 pergraviter
492 287 603 326 illum
642 301 727 327 esse
759 289 952 326 offensum
969 300 978 335 5
1021 288 1091 325 sed
1123 285 1215 336 quia
1250 287 1398 324 nullam
1438 284 1555 325 video

222 366 380 403 gravem
403 353 565 392 subesse
590 367 763 401 causam,
785 366 928 403 magno
949 365 1067 403 opere
1089 352 1248 390 confido
1269 351 1379 389 illum
1407 352 1488 390 fore
1513 350 1554 389 in

223 418 354 457 officio
375 426 413 456 et
434 417 474 456 in
495 426 627 456 nostra
647 426 852 469 potestate.

184 499 201 531 5
275 482 394 533 Signa
416 491 549 522 nostra
569 491 607 522 et
639 484 926 530 Hermeraclas,
950 489 993 521 ut
1023 481 1172 530 scribis,
1193 495 1284 521 cum
1316 480 1552 520 commodis·
1570 493 1595 531 3

220 546 319 586 sime
348 548 492 598 poteris
522 548 639 586 velim
670 547 861 598 imponas,
895 554 933 585 et
960 546 991 584 si
1023 547 1132 596 quod
1166 546 1274 585 aliud
1303 549 1435 585 οἰκεῖον
1468 545 1551 584 eius

219 612 296 651 loci
317 626 435 663 quem
457 626 537 652 non
565 612 718 663 Ignoras
748 612 916 662 reperies
941 619 979 650 et
1003 611 1172 650 maxime
1200 625 1300 661 quae
1327 611 1398 650 tibi
1427 612 1552 661 palae-

218 684 319 716 strae
339 677 596 728 gymnasique
617 677 855 716 videbuntur
879 690 974 715 esse.
1036 675 1195 714 Etenim
1216 676 1270 714 ibi
1291 677 1432 715 sedens
1453 677 1551 714 haec

217 743 268 780 ad
299 750 337 781 te
367 742 586 781 scribebam
619 750 661 780 ut
692 756 756 780 me
788 743 898 780 locus
930 741 1013 791 ipse
1046 742 1287 779 admoneret.
1347 743 1551 779 Praeterea

161 823 200 845 10
218 815 331 858 typos
353 807 423 846 tibi
446 809 592 846 mando
614 821 713 857 quos
730 807 770 845 in
792 807 956 845 tectorio
976 806 1101 845 atrioli
1122 806 1270 857 possim
1290 806 1491 845 includere
1511 813 1549 844 et

170 910 178 919 Q
217 873 388 923 putealia
424 873 587 923 sigillata
619 874 709 912 duo.
782 872 1071 911 Bibliothecam
1103 879 1210 910 tuam
1240 885 1334 911 cave
1363 871 1546 921 cuiquam
1566 880 1592 918 4

217 938 480 988 despondeas,
503 937 681 987 quamvis
712 951 841 976 acrem
867 944 1082 976 amatorem
1107 936 1325 984 inveneris3
1354 950 1446 974 nam
1474 950 1547 986 ego

216 1002 345 1040 omnis
367 1016 475 1041 meas
496 1002 755 1042 vindemiolas
777 1015 824 1041 eo
846 1015 999 1041 reservo
1020 1009 1062 1040 ut
1082 1001 1178 1041 illud
1199 1001 1418 1041 subsidium
1439 1015 1547 1041 sene-

215 1066 311 1104 ctuti
333 1081 477 1117 parem.

157 1146 194 1179 15
270 1133 332 1170 De
352 1133 467 1171 fratre
488 1134 648 1172 confido
680 1132 733 1171 ita
763 1146 848 1172 esse
878 1139 920 1171 ut
950 1145 1104 1183 semper
1132 1131 1238 1171 volui
1268 1139 1305 1171 et
1335 1132 1541 1172 elaboravi.
1563 1135 1587 1174 5

215 1197 344 1236 Multa
370 1198 479 1249 signa
507 1206 597 1237 sunt
625 1198 708 1237 eius
739 1198 806 1246 rei,
828 1211 908 1236 non
934 1197 1142 1235 minimum
1167 1199 1275 1247 quod
1302 1211 1410 1237 soror
1439 1212 1545 1248 prae-

211 1274 307 1311 gnas
335 1270 403 1300 est.
465 1265 527 1302 De
554 1263 723 1302 comitiis
751 1263 848 1301 meis
875 1270 914 1301 et
940 1262 1011 1301 tibi
1041 1276 1103 1300 me
1133 1262 1353 1312 permisisse
1381 1263 1540 1301 memini
1561 1261 1588 1299 6

212 1333 250 1363 et
264 1340 336 1376 ego
352 1326 430 1364 iam
451 1327 602 1376 pridem
624 1329 700 1366 hoc
723 1327 1001 1366 communibus
1018 1326 1153 1365 amicis
1171 1327 1237 1377 qui
1258 1335 1295 1365 te
1316 1335 1542 1377 exspectant

212 1390 406 1439 praedico,
430 1399 468 1430 te
489 1406 570 1431 non
591 1394 712 1431 modo
734 1406 815 1431 non
837 1392 979 1431 arcessi
995 1406 1018 1430 a
1038 1405 1101 1430 me
1122 1393 1191 1430 sed
1208 1392 1418 1441 prohiberi,
1432 1394 1541 1442 quod

153 1471 193 1492 20
211 1454 434 1506 intellegam
467 1459 592 1496 multo
627 1457 748 1508 magis
774 1458 961 1496 interesse
990 1465 1057 1495 tua
1083 1464 1121 1495 te
1151 1470 1263 1507 agere
1293 1458 1401 1507 quod
1427 1471 1540 1507 agen-

210 1521 305 1558 dum
323 1529 380 1559 est
400 1523 476 1560 hoc
490 1529 666 1572 tempore
687 1537 805 1573 quam
828 1536 915 1561 mea
936 1530 974 1561 te
994 1524 1132 1561 adesse
1148 1522 1326 1560 comitiis.
1368 1522 1540 1562 Proinde

209 1598 257 1623 eo
281 1586 414 1625 animo
441 1594 479 1626 te
500 1588 616 1626 velim
637 1601 722 1627 esse
743 1588 853 1638 quasi
878 1587 956 1626 mei
982 1588 1113 1638 negoti
1140 1601 1257 1626 causa
1282 1587 1320 1625 in
1351 1587 1423 1626 ista
1453 1589 1538 1626 loca

208 1650 350 1690 missus
395 1665 526 1700 esses3
569 1667 633 1692 me
675 1661 807 1691 autem
848 1667 938 1692 eum
985 1661 1023 1692 et
1068 1655 1244 1692 offendes
1286 1667 1376 1703 erga
1417 1661 1455 1692 te
1499 1661 1538 1692 et

207 1715 343 1754 audies
364 1716 475 1766 quasi
505 1717 601 1755 mihi
631 1717 662 1756 si
692 1731 792 1768 quae
821 1726 931 1769 parta
960 1726 1072 1757 erunt
1102 1732 1183 1757 non
1213 1719 1334 1756 modo
1365 1725 1402 1756 te
1432 1732 1537 1768 prae-

150 1795 187 1827 25
207 1788 317 1818 sente
347 1782 416 1820 sed
446 1795 514 1831 per
543 1790 581 1821 te
609 1790 719 1833 parta
748 1783 834 1822 sint.
895 1783 1067 1823 Tulliola
1093 1783 1164 1823 tibi
1194 1783 1300 1823 diem
1321 1785 1396 1831 dat,
1421 1797 1535 1835 spon-

206 1857 335 1884 sorem
356 1859 412 1884 me
430 1848 612 1897 appellat.

248 1952 316 1989 XI
485 1956 553 1990 Ser.
573 1958 701 1989 Romae
717 1971 761 1990 m.
784 1958 896 1999 Quint.
917 1963 977 1991 aut
992 1959 1080 1992 Sext.
1101 1971 1132 1992 a.
1151 1961 1214 2000 687
1232 1960 1313 2002 (67).

618 2030 792 2062 CICERO
815 2030 988 2063 ATTICO
1014 2031 1114 2063 SAL.

258 2101 309 2138 Et
336 2113 423 2139 mea
452 2108 593 2152 sponte
621 2102 813 2141 faciebam
843 2111 958 2142 antea
987 2111 1025 2142 et
1054 2111 1142 2154 post
1171 2104 1324 2143 duabus
1352 2103 1525 2154 epistulis
1545 2112 1561 2139 1

143 2175 185 2207 30
203 2163 279 2202 tuis
300 2164 574 2216 perdiligenter
593 2165 633 2204 in
654 2168 822 2206 eandem
851 2168 1043 2207 rationem
1071 2168 1221 2219 scriptis
1247 2181 1388 2219 magno
1409 2181 1527 2219 opere

244 2276 263 2305 5
281 2266 370 2303 euml
385 2277 450 2305 quo
465 2267 636 2304 Corradus,
651 2269 717 2301 coll.
733 2272 761 2301 8.
777 2271 868 2309 2fin.
947 2271 968 2301 6
985 2271 1062 2310 quid
1080 2270 1265 2310 Wesenberg
1346 2280 1384 2310 19
1400 2271 1526 2302 arcessi

200 2319 219 2339 a
236 2320 289 2339 me
307 2311 366 2340 sed
383 2312 551 2349 prohiberi
571 2312 615 2343 C:
642 2323 809 2344 arcessam
831 2315 891 2344 sed
912 2315 1097 2354 prohibebo
1119 2314 1160 2343 M
1172 2315 1351 2353 Hosnmnn
1485 2324 1526 2344 20

200 2352 360 2391 intellego
377 2354 574 2392 Hofnmnn:
599 2356 761 2395 -legerem
780 2357 866 2387 Reid
961 2368 997 2387 21
1025 2364 1075 2388 est
1093 2357 1185 2388 Man.
1200 2369 1205 2389 :
1233 2363 1321 2387 esset
1339 2357 1425 2389 codd.
1442 2356 1529 2388 Reid

199 2406 239 2435 23
263 2397 371 2438 esses]
390 2398 435 2428 sis
453 2397 640 2440 Wesenbeaeg
734 2401 776 2430 26
799 2411 852 2431 me
869 2401 946 2432 add.
962 2401 1061 2431 Klotz
1076 2413 1083 2433 :
1107 2411 1174 2432 non
1192 2401 1266 2432 add.
1283 2399 1338 2431 M2
