1817 2832
174 132 221 169 V.
240 131 318 168 xix
640 130 695 167 M.
727 129 897 166 TVLLI
929 127 1249 167 CICERONIS

229 251 253 279 2
274 242 511 279 Messallam.
572 238 728 277 Itineris
758 238 880 278 nostri
909 239 1054 277 famam
1083 240 1134 278 ad
1164 252 1203 278 te
1230 238 1454 289 pervenisse
1482 240 1606 278 laetor

272 305 474 357 magisque
504 304 679 342 laetabor
702 303 733 341 si
760 303 909 353 reliqua
939 303 1130 354 cognoris.
1191 303 1371 342 Filiolam
1399 312 1507 342 tuam
1534 302 1606 342 tibi

272 377 292 411 †
308 371 384 409 iam
407 372 561 408 Romae
576 374 596 409 †
618 368 833 407 iucundam
861 382 946 406 esse
971 370 1137 418 gaudeo,
1161 381 1328 418 eamque
1350 382 1468 419 quam
1496 381 1607 406 num-

272 449 391 486 quam
425 434 505 473 vidi
544 442 677 472 tamen
716 441 755 471 et
788 447 879 472 amo
918 441 957 472 et
994 433 1207 472 amabilem
1246 446 1331 472 esse
1370 441 1476 472 certo
1511 433 1603 471 scio.

273 499 403 538 Etiam
431 506 549 549 atque
576 498 695 537 etiam
722 500 817 536 vale.
1627 509 1643 539 5

230 579 254 616 3
329 567 389 603 De
420 567 589 602 Patrone
623 571 662 602 et
693 562 768 601 tuis
800 562 1082 613 condiscipulis
1117 576 1218 612 quae
1250 563 1300 601 de
1333 561 1533 612 parietinis
1566 561 1607 599 in

274 630 413 668 Melita
442 628 615 667 laboravi
649 642 696 667 ea
729 627 801 666 tibi
834 636 941 678 grata
975 641 1061 666 esse
1094 629 1259 678 gaudeo.
1320 628 1441 677 Quod
1472 626 1607 665 scribis

271 695 419 733 libente
448 702 486 732 te
516 695 712 744 repulsam
743 693 876 731 tulisse
910 706 1001 731 eum
1033 692 1100 742 qui
1135 706 1226 730 cum
1261 692 1403 731 sororis
1433 699 1522 730 tuae
1553 691 1607 729 fili

270 768 410 810 patruo
445 759 612 807 certarit,
644 758 776 809 magni
810 758 953 797 amoris
987 758 1154 808 signum.
1216 759 1357 807 Itaque
1391 771 1454 796 me
1488 756 1606 795 etiam

271 824 513 863 admonuisti
533 832 575 862 ut
595 825 827 874 gauderem3
851 837 943 861 nam
964 823 1061 861 mihi
1082 823 1120 860 in
1143 831 1317 861 mentem
1339 836 1420 861 non
1436 829 1604 860 venerat.
1629 832 1667 854 10

272 893 281 910 ‘
300 891 393 928 Non
414 891 554 928 credo'
576 889 717 939 inquis.
778 891 831 927 Vt
852 889 971 937 libet3
1006 890 1076 927 sed
1096 890 1213 939 plane
1232 889 1398 938 gaudeo,
1418 886 1607 939 quoniam

271 956 313 994 τὸ
334 959 493 1006 νεμεσᾶν
513 954 673 994 interest
692 958 757 994 τοῦ
778 955 939 1005 φθονεῖν.

316 1078 403 1113 ΧΧ
456 1080 527 1113 Scr.
546 1081 578 1111 in
599 1080 706 1112 Cilicia
723 1080 807 1111 inter
820 1091 849 1112 a.
870 1079 900 1111 d.
918 1079 968 1110 xii
980 1082 1008 1109 et
1023 1079 1054 1110 iv
1069 1078 1112 1110 K.
1133 1078 1208 1111 Ian.
1226 1089 1257 1110 a.
1279 1089 1334 1119 703
1351 1077 1437 1120 (51).

697 1158 873 1189 CICERO
897 1157 1069 1188 ATTICO
1095 1157 1196 1188 SAL.

237 1249 254 1276 1
327 1236 597 1277 Saturnalibus
641 1250 758 1274 mane
804 1249 845 1274 se
890 1235 987 1272 mihi
1036 1233 1324 1273 Pindenissitae
1369 1233 1606 1273 dediderunt
1628 1249 1665 1282 15

273 1303 442 1353 septimo
481 1310 519 1340 et
558 1300 888 1351 quinquagesimo
922 1300 988 1338 die
1022 1308 1233 1350 postquam
1272 1313 1500 1349 oppugnare
1539 1312 1607 1337 eos

273 1367 487 1418 coepimus.
564 1366 667 1415 ‘Qui
707 1367 879 1403 malum!
928 1365 990 1403 isti
1031 1364 1319 1403 Pindenissitae
1359 1364 1426 1414 qui
1467 1365 1608 1402 sunt?’

273 1432 452 1482 inquies3
495 1435 665 1469 ‘nomen
703 1429 835 1469 audivi
875 1430 1119 1479 numquam.'
1177 1429 1287 1478 Quid
1327 1442 1399 1479 ego
1438 1428 1608 1467 faciam?

273 1512 369 1536 num
401 1497 512 1547 potui
547 1496 727 1536 Ciliciam
760 1495 958 1534 Aetoliam
993 1502 1060 1533 aut
1093 1494 1375 1533 Macedoniam
1414 1495 1608 1533 reddere?

274 1564 368 1601 Hoc
389 1562 467 1600 iam
489 1562 543 1600 sic
564 1561 711 1599 habeto
739 1574 813 1599 nec
834 1562 911 1598 hoc
939 1559 1110 1598 exercitu
1138 1573 1201 1597 nec
1219 1559 1283 1597 hic
1314 1567 1421 1597 tanta
1450 1559 1607 1608 negotia
1627 1575 1668 1596 20

273 1627 351 1677 geri
382 1627 567 1677 potuisse.
628 1628 742 1675 Quae
771 1639 969 1675 cognosce
999 1629 1036 1663 ἐν
1068 1627 1249 1675 ἐπιτομῇ;
1292 1624 1347 1662 sic
1377 1624 1482 1662 enim
1517 1638 1608 1662 con-

274 1692 382 1731 cedis
414 1692 510 1729 mihi
540 1690 726 1741 proximis
757 1690 905 1728 litteris.
978 1692 1181 1740 Ephesum
1212 1697 1255 1727 ut
1284 1689 1458 1727 venerim
1490 1688 1603 1735 nosti,

275 1757 341 1807 qui
376 1757 493 1795 etiam
534 1756 629 1794 mihi
668 1757 881 1805 gratulatus
915 1768 956 1793 es
987 1755 1089 1792 illius
1122 1754 1200 1792 diei
1232 1754 1499 1793 celebritatem
1530 1768 1608 1804 qua

274 1822 370 1860 nihil
403 1836 467 1860 me
497 1834 687 1871 umquam
722 1820 931 1859 delectavit
965 1819 1098 1869 magis.
1160 1820 1261 1857 Inde
1295 1820 1335 1856 in
1369 1819 1525 1868 oppidis
1560 1819 1605 1857 iis

274 1892 400 1937 †quae
438 1891 572 1925 erantr
611 1885 838 1923 mirabiliter
878 1884 1031 1934 accepti
1070 1884 1309 1923 Laodiceam
1348 1884 1473 1934 pridie
1514 1886 1601 1922 Kal.
1626 1900 1665 1932 25

275 1951 428 1991 Sextilis
457 1951 647 1990 venimus.
709 1950 771 1988 Ibi
806 1949 945 1988 morati
979 1949 1145 1988 biduum
1180 1948 1431 1999 perinlustres
1461 1949 1605 1987 fuimus

318 2055 338 2083 3
363 2045 426 2074 iam
446 2044 590 2077 Romae]
613 2053 724 2073 caram
743 2053 779 2072 ac
799 2041 938 2072 Malli-r:
974 2046 1038 2072 tam
1058 2047 1219 2072 moratam
1239 2042 1329 2079 (tum
1348 2041 1510 2071 iucunde}
1528 2042 1606 2073 coni.

280 2088 421 2127 Tyrrell:
455 2088 517 2118 iam
542 2093 661 2117 natura
686 2086 860 2116 Lehmann
878 2086 945 2116 coll.
968 2086 1023 2115 vii.
1043 2096 1072 2115 2*
1093 2096 1131 2123 4:
1158 2086 1276 2115 malim
1294 2085 1360 2115 iam
1377 2085 1456 2124 ὁρμῇ
1475 2086 1511 2124 (f.
1530 2085 1603 2116 Fz'n.

275 2133 316 2162 iv.
343 2141 396 2170 39,
426 2131 490 2171 Off.
531 2131 550 2161 ii
595 2132 632 2160 18
763 2130 878 2168 quam]
919 2139 1121 2167 quamquam
1159 2128 1283 2159 Mziller
1434 2138 1451 2167 7
1490 2128 1607 2159 Melita

276 2174 516 2205 G‹1ssmd1'c‹›ll.
536 2174 632 2214 Dz'og.
650 2173 692 2203 L.
709 2184 741 2203 x.
766 2183 801 2210 17
819 2184 824 2203 :
852 2172 969 2203 militia
987 2172 1075 2202 codd.
1212 2172 1232 2201 8
1256 2171 1383 2202 libente
1401 2176 1434 2202 te
1452 2172 1604 2211 Lipsius:

274 2218 417 2249 libenter
435 2219 475 2247 M
639 2228 659 2255 9
683 2217 818 2246 certarit
837 2216 978 2246 lllz'c‘llm':
1003 2220 1148 2246 certarat
1168 2215 1194 2245 L
1213 2216 1357 2254 (1110th
1374 2227 1380 2246 z
1405 2220 1551 2245 certaret
1569 2215 1611 2244 M

274 2272 315 2292 20
341 2273 401 2292 nec
419 2261 495 2292 add.
523 2261 625 2291 Orelli
764 2270 804 2298 23
829 2260 1060 2290 celebritatem
1081 2259 1198 2289 codices
1216 2259 1442 2298 illalaspz'nac:
1468 2263 1551 2289 -tate
1569 2257 1611 2288 M

273 2316 313 2343 24
341 2306 372 2335 in
392 2305 468 2336 add.
487 2305 676 2344 Wesenberg
775 2313 816 2342 25
840 2314 926 2342 quae
952 2303 1066 2333 erant]
1082 2313 1147 2341 qua
1165 2303 1228 2332 iter
1240 2306 1311 2332 erat
1326 2302 1402 2332 coni.
1417 2302 1500 2331 Boot
1516 2314 1523 2332 :
1540 2312 1605 2340 qua

274 2349 376 2378 ieram
408 2349 549 2378 Bessus:
585 2358 672 2387 quae
699 2351 795 2377 erant
828 2347 861 2376 in
894 2347 1015 2377 itincre
1051 2345 1261 2386 chsenbetg:
1294 2356 1380 2384 quae
1409 2349 1506 2376 crant
1531 2344 1605 2385 πρὸς

272 2392 370 2421 Macci»
378 2393 437 2432 ὃρῳ
454 2392 532 2422 coni.
559 2391 680 2430 Tyrrell
