1817 2832
647 142 760 181 EPP.
792 143 870 180 AD
899 141 1161 181 ATTICVM
1507 140 1626 177 V1.v

257 268 401 306 meque
447 254 666 305 obiurgavit
713 262 842 293 vetere
889 253 1096 304 proverbio
1141 254 1189 292 τὰ
1234 254 1302 303 μὲν
1348 251 1581 302 ὃιδόμενα-.

258 319 429 369 Reliqua
448 319 538 358 vide
558 327 596 358 et
617 327 808 370 quantum
829 319 910 357 fieri
931 326 1060 368 potest
1080 317 1267 368 perspice.

312 385 398 423 Nos
418 384 491 423 etsi
510 398 686 422 annuum
703 391 858 434 tempus
878 396 1001 433 prope
1021 382 1099 420 iam
1116 381 1321 420 emeritum
1338 381 1583 420 habebamus
1602 386 1626 423 3

258 448 359 501 (dies
396 449 502 487 enim
534 461 673 487 xxxm
712 456 822 487 erant
859 447 1025 498 reliqui),
1060 446 1323 485 sollicitudine
1361 444 1585 496 provinciae

222 528 239 560 5
259 522 392 553 tamen
421 515 482 552 vel
517 513 685 552 maxime
716 513 959 562 urgebamur.
1021 513 1124 551 Cum
1156 511 1261 550 enim
1295 512 1447 549 arderet
1478 509 1585 559 Syria

259 581 364 619 bello
398 587 436 617 et
469 579 632 617 Bibulus
666 578 706 616 in
738 586 848 616 tanto
882 590 1057 615 maerore
1095 590 1167 615 suo
1206 576 1416 614 maximam
1451 587 1582 612 curam

258 644 351 683 belli
368 644 576 683 sustineret
595 645 646 682 ad
666 656 809 693 meque
836 642 952 692 legati
979 642 1062 680 eius
1090 649 1273 692 quaestor
1300 649 1337 679 et
1357 639 1473 678 amici
1500 638 1584 677 eius

256 710 402 748 litteras
436 709 634 747 mitterent
671 716 715 747 ut
748 707 926 747 subsidio
959 706 1143 753 venirem,
1177 706 1250 745 etsi
1283 705 1495 744 exercitum
1530 703 1583 742 in-

256 776 414 813 firmum
448 774 658 822 habebam,
692 773 834 812 auxilia
873 786 967 811 sane
1005 773 1111 811 bona
1149 773 1219 810 sed
1258 785 1304 810 ea
1342 772 1583 816 Galatarum,

198 852 238 875 10
258 839 491 887 Pisidarum,
509 838 718 889 Lyciorum
739 840 854 888 <haec
874 837 980 876 enim
1000 844 1091 875 sunt
1111 844 1243 875 nostra
1263 836 1430 885 robora),
1450 842 1582 872 tamen

258 918 343 943 esse
364 903 536 942 officium
557 917 690 942 nzeum
717 902 851 953 putavi
875 902 1087 941 exercitum
1107 901 1252 939 habere
1268 914 1386 950 quam
1408 898 1582 949 proxime

257 969 412 1007 hostem
443 969 575 1018 quoad
606 967 702 1006 mihi
732 981 911 1018 praeesse
950 965 1175 1016 provinciae
1204 979 1273 1016 per
1306 972 1463 1003 senatus
1492 977 1583 1002 con-

256 1035 401 1071 sultum
430 1033 573 1071 liceret.
633 1033 711 1070 Sed
741 1045 820 1082 quo
850 1045 923 1081 ego
952 1031 1121 1069 maxime
1150 1029 1387 1076 delectabar,
1418 1028 1582 1066 Bibulus

256 1099 444 1136 molestus
466 1097 561 1135 mihi
582 1110 664 1135 non
691 1104 782 1143 erat,
805 1098 856 1134 de
883 1095 1068 1134 omnibus
1089 1095 1205 1133 rebus
1233 1093 1428 1132 scribebat
1448 1093 1498 1130 ad
1519 1104 1582 1129 me

198 1177 236 1211 15
255 1162 396 1212 potius.
474 1164 525 1200 Et
565 1161 660 1199 mihi
699 1160 939 1200 decessionis
978 1160 1061 1198 dies
1099 1159 1310 1209 λεληθότως
1354 1156 1578 1206 obrepebat.

257 1226 336 1276 Qui
366 1241 456 1265 cum
486 1226 698 1273 advenerit,
731 1228 829 1264 ἄλλο
856 1227 1066 1276 πρόβλημα
1095 1238 1213 1275 quem
1244 1221 1481 1274 praeficiam,
1508 1220 1580 1258 nisi

257 1293 406 1332 Caldus
433 1299 617 1342 quaestor
648 1291 796 1330 venerit
810 1306 821 1340 3
859 1292 910 1330 de
940 1303 1020 1341 quo
1053 1291 1185 1329 adhuc
1216 1287 1313 1327 nihil
1342 1285 1436 1325 certi
1465 1285 1580 1324 habe-

256 1358 405 1396 bamus.

311 1424 531 1475 Cupiebam
553 1438 617 1463 me
637 1425 795 1462 hercule
810 1422 1026 1473 longiorem
1044 1422 1251 1473 epistulam
1268 1422 1405 1466 facere,
1421 1419 1491 1456 sed
1506 1430 1578 1455 nec
1597 1427 1623 1465 4

199 1505 238 1526 20
256 1496 335 1527 erat
367 1503 426 1527 res
458 1491 508 1528 de
539 1503 617 1539 qua
646 1488 856 1527 scriberem
885 1502 959 1526 nec
988 1487 1106 1526 iocari
1135 1500 1227 1537 prae
1266 1498 1357 1523 cura
1390 1490 1577 1534 poteram.

256 1554 416 1593 Valebis
436 1554 551 1604 igitur
571 1561 609 1593 et
629 1554 783 1604 puellae
803 1555 969 1592 salutem
990 1552 1187 1591 Atticulae
1214 1550 1321 1590 dices
1345 1555 1580 1597 nostraeque

255 1619 386 1658 Piliae.

296 1737 365 1772 VI
544 1740 614 1772 Scr.
632 1740 745 1771 Rhodi
757 1740 826 1772 circ.
844 1740 876 1770 iv
891 1738 942 1770 Id.
959 1737 1048 1770 Sext,
1067 1749 1098 1770 α.
1120 1748 1181 1778 704
1200 1737 1280 1779 (50).

659 1826 833 1857 CICERO
865 1825 1035 1856 ATTICO
1068 1824 1166 1856 SAL.

198 1930 236 1962 25
310 1916 396 1964 Ego
433 1916 529 1953 dum
563 1914 603 1953 in
642 1914 842 1964 provincia
879 1913 1065 1952 omnibus
1103 1913 1220 1950 rebus
1258 1910 1432 1962 Appium
1467 1925 1575 1959 orno,
1597 1921 1614 1947 1

256 1979 387 2018 subito
425 1993 511 2018 sum
550 1981 674 2018 factus
712 1978 948 2018 accusatoris
987 1978 1070 2016 eius
1104 1991 1224 2015 socer.
1287 1978 1358 2015 ‘Id
1397 1976 1579 2026 quidem'

256 2043 385 2093 inquis
418 2044 478 2082 ‘di
508 2044 773 2094 approbentl'
831 2045 892 2081 Ita
920 2043 1036 2081 velim
1067 2050 1184 2092 teque
1216 2041 1269 2079 ita
1302 2055 1444 2091 cupere
1473 2049 1579 2079 certo

256 2108 348 2146 scio.
422 2110 500 2147 Sed
530 2109 646 2147 crede
678 2107 787 2155 mihi,
821 2107 917 2144 nihil
953 2106 1081 2144 minus
1116 2114 1293 2156 putaram
1327 2119 1399 2154 ego
1429 2104 1494 2154 qui
1530 2107 1579 2143 de

256 2173 316 2211 Ti.
341 2175 500 2212 Nerone
521 2172 588 2222 qui
616 2186 771 2211 mecum
803 2178 932 2221 egerat
963 2178 1089 2208 certos
1119 2170 1300 2208 homines
1321 2171 1370 2207 ad
1399 2169 1579 2207 mulieres

301 2287 319 2306 2
352 2276 518 2314 perspice.
584 2273 657 2304 Nos
691 2272 718 2303 C
742 2272 884 2303 Lamb.:
917 2273 1084 2313 prospice.
1146 2273 1217 2303 Nos
1251 2272 1368 2304 Orelli:
1399 2271 1578 2312 perspicia-

257 2330 332 2350 mus
358 2318 396 2348 M
498 2328 514 2356 7
540 2317 675 2347 alterum
693 2316 765 2346 eius
787 2316 856 2347 secl.
876 2315 989 2345 Baiter
1088 2325 1109 2354 9
1133 2317 1193 2346 sed
1223 2316 1278 2349 eal
1309 2316 1405 2347 dubia
1429 2316 1583 2346 vzdentur

258 2373 295 2392 21
322 2361 492 2392 Atticulae
516 2359 724 2399 Malaspina:
759 2359 930 2389 atticolate
956 2356 1019 2389 Zl:
1054 2358 1229 2389 asticulate
1254 2358 1326 2389 M':
1363 2360 1580 2398 Ἀττικωτὰτῃ

258 2405 398 2446 Madmg
526 2404 568 2434 28
593 2413 657 2442 ego
673 2415 679 2434 :
702 2403 783 2442 quin
799 2401 947 2442 Madvzg,
964 2400 1021 2431 sed
1032 2402 1069 2441 qf.
1089 2401 1167 2434 adn.
1186 2402 1314 2432 doctam
1332 2402 1478 2433 Miilleri'

1434 2445 1494 2475 13*
