1817 2832
634 130 746 168 EPP.
778 130 856 168 AD
885 128 1145 168 ATTICVM
1509 126 1614 165 VI.i

217 249 255 280 et
275 242 352 280 hoc
375 254 422 280 ex
442 241 606 280 tributis.
667 243 754 280 Nec
778 241 871 280 inde
898 241 990 280 satis
1018 240 1181 279 efficitur
1202 239 1242 278 in
1262 253 1418 279 usuram
1440 253 1548 278 men-

217 314 373 345 struam.
433 307 511 345 Sed
533 308 693 345 Gnaeus
721 315 853 345 noster
879 308 1093 345 clementer
1112 305 1152 344 id
1177 307 1248 344 fert
1263 320 1272 354 3
1302 313 1404 344 sorte
1429 312 1547 353 caret,

215 384 332 409 usura
347 384 420 409 nec
441 384 487 409 ea
507 371 633 410 solida
649 380 857 410 contentus
878 379 946 409 est.
987 370 1066 408 Alii
1082 384 1211 420 neque
1232 370 1345 409 solvit
1361 370 1545 420 cuiquam

216 449 289 474 nec
316 444 445 486 potest
472 438 620 475 solvere
635 452 644 485 3
673 438 825 475 nullum
852 436 957 474 enim
984 435 1185 482 aerarium,
1209 437 1360 473 nullum
1381 434 1545 485 vectigal

179 514 196 545 5
217 501 346 539 habet.
406 501 511 551 Appi
541 501 719 540 instituto
749 501 893 539 tributa
922 500 1096 549 imperat.
1162 502 1220 538 Ea
1248 499 1310 538 vix
1338 500 1378 538 in
1409 501 1545 538 faenus

218 566 383 616 Pompei
416 568 523 616 quod
562 566 653 604 satis
692 566 740 604 sit
771 565 953 603 efficiunt.
1013 564 1143 603 Amici
1174 564 1272 614 regis
1307 566 1387 603 duo
1420 573 1545 603 tresve

216 631 427 682 perdivites
452 639 543 669 sunt
570 633 639 676 sed
663 631 689 669 ii
713 645 827 669 suum
850 639 929 668 tam
950 629 1156 680 diligenter
1176 638 1310 668 tenent
1332 644 1449 680 quarn
1471 643 1544 679 ego

215 705 282 735 aut
314 705 366 734 tu.
432 696 629 746 Equidem
663 710 744 735 non
778 695 917 734 desino
951 704 1083 733 tamen
1118 709 1186 745 per
1219 695 1363 733 litteras
1397 708 1545 745 rogare,

216 763 390 808 suadere,
424 775 607 800 accusare
646 775 785 811 regem.
848 761 1056 799 Deiotarus
1096 760 1213 799 etiam
1248 759 1343 798 mihi
1379 759 1588 802 narravit4

159 842 197 864 10
219 841 259 865 se
286 829 336 866 ad
364 841 454 865 eum
476 828 623 877 legatos
650 826 802 865 misisse
829 828 879 865 de
906 840 945 864 re
968 825 1101 873 Bruti3
1131 839 1197 863 eos
1219 824 1292 863 sibi
1312 838 1544 875 responsum

216 892 409 930 rettulisse
431 892 540 930 illum
561 905 642 930 non
663 893 818 930 habere.
879 893 930 929 Et
951 904 1014 929 me
1035 892 1193 929 hercule
1220 903 1292 940 ego
1320 889 1373 927 ita
1399 889 1545 937 iudico,

215 955 311 993 nihil
342 956 408 994 illo
437 969 557 1006 regno
587 955 800 1006 spoliatius,
824 955 919 994 nihil
949 968 1037 1005 rege
1064 954 1251 1005 egentius.
1313 955 1452 1003 Itaque
1478 961 1546 992 aut

216 1023 336 1059 tutela
367 1021 496 1071 cogito
531 1035 594 1059 me
627 1021 810 1059 abdicare
844 1028 912 1058 aut
941 1027 982 1058 ut
1012 1033 1082 1069 pro
1114 1018 1328 1058 Glabrione
1359 1020 1546 1057 Scaevola

215 1086 351 1124 faenus
389 1095 427 1124 et
459 1086 704 1136 impendium
743 1099 931 1124 recusare.
992 1087 1077 1135 Ego
1111 1093 1243 1122 tamen
1278 1097 1374 1133 quas
1409 1097 1477 1133 per
1507 1091 1545 1122 te

160 1165 194 1196 15
217 1151 338 1189 Bruto
358 1151 612 1201 promiseram
634 1152 905 1201 praefecturas,
931 1152 986 1188 M.
1006 1149 1174 1200 ScaptiO,
1199 1151 1242 1186 L.
1263 1148 1401 1195 Gavio,
1418 1147 1485 1197 qui
1505 1148 1545 1186 in

215 1228 334 1264 regno
358 1229 439 1253 rem
462 1215 571 1253 Bruti
591 1216 864 1265 procurabant,
888 1214 1012 1253 detuli
1025 1229 1035 1262 3
1064 1227 1138 1252 nec
1158 1213 1263 1252 enirn
1285 1212 1324 1250 in
1345 1212 1546 1262 provincia

214 1293 302 1318 mea
326 1280 636 1330 negotiabantur.
696 1281 759 1318 Tu
786 1288 917 1318 autem
948 1278 1161 1318 meministi
1188 1292 1260 1316 nos
1288 1277 1342 1316 sic
1366 1291 1478 1328 agere
1502 1284 1545 1315 ut

216 1353 312 1395 quot
332 1348 448 1384 vellet
473 1347 733 1396 praefecturas
761 1353 941 1392 sumeret,
965 1347 1060 1384 dum
1088 1358 1138 1383 ne
1167 1343 1409 1393 negotiatori.
1470 1344 1544 1381 Ita-

215 1424 291 1459 que
316 1412 413 1448 duas
441 1410 476 1449 ei
503 1418 701 1460 praeterea
728 1412 926 1449 dederam.
986 1410 1064 1448 Sed
1092 1408 1117 1446 ii
1142 1408 1285 1458 quibus
1310 1407 1471 1458 petierat
1493 1409 1543 1446 de

157 1488 195 1510 20
214 1464 414 1524 provincia
434 1476 692 1513 decesserant.

268 1541 387 1578 Nunc
425 1553 620 1589 cognosce
659 1542 709 1578 de
749 1539 981 1586 Salaminiis,
1015 1540 1123 1589 quod
1156 1538 1274 1576 video
1312 1537 1383 1576 tibi
1422 1537 1584 1584 etian15

213 1617 359 1642 novum
389 1605 579 1643 accidisse
609 1613 810 1655 tamquam
842 1605 949 1642 mihi.
1010 1606 1240 1653 Numquam
1267 1603 1373 1641 enim
1402 1616 1447 1640 ex
1474 1603 1540 1641 illo

211 1669 343 1707 audivi
382 1669 487 1707 illam
526 1670 735 1720 pecuniam
775 1683 861 1708 esse
900 1683 1036 1717 suam,
1077 1669 1172 1718 quin
1211 1668 1328 1706 etiarn
1364 1668 1540 1706 libellum

212 1733 332 1783 ipsius
373 1735 512 1780 habeo,
554 1734 594 1772 in
633 1748 712 1784 quo
753 1742 821 1782 est,
871 1738 879 1754 ‘
896 1734 1097 1772 Salaminii
1142 1733 1351 1784 pecuniam
1393 1733 1541 1771 debent

156 1811 193 1842 25
214 1800 270 1836 M.
303 1799 460 1848 Scaptio
494 1807 532 1837 et
566 1802 605 1837 P.
642 1800 821 1845 Matinio,
855 1799 1110 1837 familiaribus
1149 1798 1271 1837 meis.’
1328 1800 1408 1836 Eos
1443 1797 1540 1835 mihi

213 1865 489 1912 commendat3
519 1864 705 1903 adscribit
725 1865 842 1903 etiam
870 1873 907 1903 et
935 1864 1046 1914 quasi
1071 1865 1197 1902 calcar
1221 1864 1406 1901 admovet
1427 1862 1540 1900 inter-

213 1927 373 1966 cessisse
400 1942 441 1966 se
468 1943 537 1979 pro
564 1929 610 1967 iis
638 1943 819 1980 magnam
844 1929 1064 1979 pecuniam.
1125 1929 1383 1968 Confeceram
1405 1935 1447 1965 ut
1467 1929 1540 1965 sol-

211 2000 346 2030 verent
365 1993 588 2031 centesimis
609 1994 743 2032 bienni
764 1994 892 2032 ductis
909 2007 999 2032 cum
1020 1993 1274 2032 renovatione
1295 1993 1537 2042 singulorum

211 2070 414 2094 annorum.
474 2060 527 2095 At
566 2058 744 2107 Scaptius
785 2066 992 2107 quaternas
1033 2059 1268 2108 postulabat.
1334 2056 1471 2103 Metui,
1506 2057 1537 2095 si

153 2134 191 2164 30
211 2120 468 2171 impetrasset,
490 2136 538 2159 ne
559 2130 600 2160 tu
622 2122 704 2172 ipse
732 2136 793 2160 me
820 2136 949 2160 amare
971 2123 1192 2169 desineres,
1223 2135 1312 2160 narn
1335 2122 1385 2159 ab
1406 2121 1538 2160 edicto

211 2198 300 2224 meo
327 2185 572 2224 recessissem
601 2193 639 2224 et
666 2186 862 2224 civitatem
891 2186 930 2223 in
956 2186 1119 2225 Catonis
1146 2194 1184 2224 et
1211 2186 1251 2223 in
1282 2185 1401 2235 ipsius
1427 2185 1538 2224 Bruti

257 2298 269 2318 1
299 2288 377 2318 inde
398 2289 495 2320 Otto:
520 2289 553 2319 id
571 2288 657 2319 codd.
675 2301 682 2320 :
707 2290 738 2319 id
765 2292 854 2327 (cum
879 2290 990 2320 efficit&
1018 2289 1148 2320 Ernesti
1299 2300 1316 2328 7
1342 2290 1363 2319 ii
1381 2300 1477 2319 suum
1494 2289 1535 2319 I:

210 2341 304 2361 usum
323 2331 363 2361 M
491 2333 533 2362 28
558 2333 673 2362 bienni
697 2332 881 2372 Sternkopf
898 2340 950 2368 (ex
971 2332 1084 2362 vienni
1103 2338 1163 2371 pro
1182 2333 1336 2367 sexenni,
1361 2345 1368 2363 :
1391 2333 1536 2362 sexenni

209 2374 297 2406 codd.
344 2374 425 2406 Post
440 2376 585 2406 sexenni
603 2375 717 2406 addere
732 2376 802 2407 vult
817 2375 921 2407 ternis
939 2381 1116 2416 praeterea
1132 2376 1335 2415 quadrienni
1347 2375 1536 2407 Mommscn
