1817 2832
203 98 320 136 VIII.
337 97 418 135 xiv
667 99 726 138 Μ.
757 99 926 137 TVLLI
956 98 1264 138 CICERONIS

297 212 309 230 ‘
327 208 435 258 Quid
461 208 576 259 igitur
595 209 751 260 proficis
779 209 844 260 qui
869 209 1060 260 anticipes
1080 209 1163 248 eius
1190 209 1245 249 rei
1271 210 1492 250 molestiam
1512 224 1631 262 quam

297 274 428 313 triduo
456 275 622 313 sciturus
655 274 758 312 sis?⁷
816 275 926 313 Nihil
957 275 1171 324 equide1n3
1200 276 1283 323 sed,
1315 283 1359 313 ut
1389 290 1505 326 supra
1538 276 1631 324 dixi,

298 346 432 377 tecum
460 339 698 389 perlibenter
721 341 877 390 loquor,
898 348 935 377 et
962 339 1079 377 simul
1108 340 1207 378 scito
1233 341 1365 378 labare
1386 354 1519 378 meum
1539 354 1631 378 con-

299 403 429 441 silium
460 403 557 442 illud
589 405 698 454 quod
733 404 824 442 satis
856 405 934 442 iam
972 406 1093 442 fixum
1123 405 1340 443 videbatur.
1401 406 1494 443 Non
1533 405 1629 443 mibi

298 468 390 506 satis
429 468 563 507 idonei
602 476 693 506 sunt
723 477 902 507 auctores
933 469 959 507 ii
994 469 1060 519 qui
1091 483 1114 507 a
1145 478 1183 508 te
1222 471 1447 520 probantur.
1508 471 1629 518 Quod
1649 483 1666 515 5

298 533 404 571 enim
434 547 624 582 umquam
654 547 790 572 eorum
820 534 861 572 in
890 549 929 573 re
958 534 1117 584 publica
1148 537 1246 573 forte
1280 536 1427 573 facturn
1457 534 1631 573 exstitit?

296 605 364 636 aut
394 598 480 648 quis
510 599 559 636 ab
590 598 635 637 iis
665 600 784 636 ullam
814 613 895 637 rem
925 601 1041 638 laude
1071 599 1231 649 dignam
1261 599 1489 638 desiderat?
1545 601 1631 638 Nec

297 677 361 702 me
382 665 540 701 hercule
565 665 785 702 laudandos
805 664 986 702 existimo
1006 664 1073 714 qui
1094 673 1199 702 trans
1229 678 1334 702 mare
1354 665 1446 703 belli
1468 664 1631 715 parandi

298 741 416 766 causa
442 729 606 778 profecti
631 736 1019 779 sunt—quamquam
1043 731 1141 768 haec
1170 731 1332 768 ferenda
1352 743 1433 767 non
1454 738 1627 777 erant-——,

296 793 414 832 video
435 793 540 831 enim
562 801 754 843 quantum
774 793 815 832 id
836 794 983 832 bellum
1005 802 1043 832 et
1064 808 1183 844 quam
1207 794 1434 844 pestiferum
1456 796 1629 832 futurum
1655 809 1689 829 10

296 858 370 905 sit;
409 860 478 897 sed
513 872 576 896 me
611 866 743 897 movet
776 873 878 897 unus
912 859 969 896 vir
1002 859 1113 897 cuius
1148 859 1330 909 fugientis
1370 872 1517 906 comeS,
1547 873 1629 897 rem

297 923 498 973 publicam
537 923 788 974 reciperantis
826 924 955 962 socius
993 924 1130 962 videor
1177 938 1263 962 esse
1301 924 1456 962 debere.
1528 926 1630 962 ‘To-

297 988 451 1028 tiensne
481 989 596 1039 igitur
625 989 859 1028 sententiam
894 991 1077 1028 mutas?'
1147 992 1233 1040 Ego
1262 997 1394 1027 tecum
1426 997 1629 1039 tamquam

297 1068 455 1093 mecum
476 1056 625 1104 loquor.
687 1055 786 1103 Quis
816 1063 948 1093 autem
978 1063 1037 1093 est
1065 1055 1365 1104 tanta'quidem
1394 1055 1444 1092 de
1467 1053 1629 1104 re'quin

297 1121 402 1160 varie
431 1135 565 1160 secum
596 1121 680 1172 ipse
709 1121 912 1171 disputet?
941 1121 1056 1159 simul
1088 1130 1126 1160 et
1160 1122 1300 1160 elicere
1329 1121 1447 1170 cupio
1478 1129 1631 1159 senten·
1652 1131 1688 1162 15

298 1187 392 1225 tiam
415 1195 533 1233 tuam,
564 1186 596 1225 si
623 1194 770 1233 manet,
789 1194 831 1224 ut
861 1187 1008 1224 firmior
1036 1186 1123 1233 sim,
1154 1186 1186 1224 si
1214 1193 1364 1224 mutata
1392 1193 1463 1231 est,
1490 1192 1532 1222 ut
1559 1185 1629 1223 tibi

256 1262 281 1300 3
297 1252 504 1291 adsentiar.
565 1251 742 1291 Omnino
768 1253 818 1290 ad
846 1251 885 1290 id
913 1253 964 1289 de
990 1265 1070 1301 quo
1100 1250 1239 1289 dubito
1260 1250 1428 1300 pertinet
1448 1263 1512 1288 me
1532 1249 1629 1288 scire

298 1318 394 1368 quid
417 1317 615 1356 Domitius
636 1324 792 1355 acturus
813 1317 871 1363 sit,
895 1316 990 1366 quid
1012 1324 1144 1354 noster
1164 1318 1366 1354 Lentulus.

353 1385 415 1421 De
448 1383 626 1421 Domitio
657 1382 760 1420 varia
793 1382 976 1420 audimus
1010 1384 1158 1422 †modo
1191 1395 1276 1420 esse
1306 1381 1347 1419 in
1373 1380 1529 1419 Tiburti
1561 1388 1628 1419 aut

295 1447 416 1498 lepidi
448 1461 527 1498 quo
558 1461 649 1486 cum
683 1447 837 1497 lepidus
865 1447 1076 1485 accessisse
1106 1447 1158 1485 ad
1183 1447 1358 1493 urbem†‚
1396 1447 1504 1495 quod
1533 1444 1627 1483 item
1649 1457 1688 1479 20

295 1514 436 1551 falsum
457 1513 572 1551 video
593 1526 688 1551 esse.
748 1512 816 1550 Ait
836 1512 941 1550 enim
958 1512 1133 1562 Lepidus
1155 1525 1245 1550 eum
1267 1511 1403 1549 nescio
1419 1525 1499 1560 quo
1512 1524 1628 1560 pene-

295 1585 415 1616 trasse
436 1577 638 1616 itineribus
661 1576 934 1617 †occultandi†
957 1576 1015 1614 sui
1037 1590 1154 1614 causa
1173 1590 1224 1614 an
1245 1576 1362 1613 maris
1382 1574 1627 1625 adipiscendi

295 1656 345 1680 ne
366 1642 397 1680 is
418 1642 578 1692 quidem
601 1642 682 1680 scit.
744 1644 902 1691 Ignorat
924 1641 1040 1679 etiam
1062 1643 1112 1680 de
1133 1641 1223 1679 filio.
1271 1640 1395 1679 Addit
1416 1640 1511 1678 illud
1533 1653 1627 1678 sane

295 1709 519 1755 molestum,
540 1706 749 1757 pecuniam
780 1706 959 1745 Domitio
989 1706 1081 1744 satis
1110 1707 1299 1756 grandem
1330 1719 1448 1755 quam
1477 1705 1508 1743 is
1533 1706 1627 1744 Cor-

343 1822 445 1851 19-2t
473 1812 572 1841 modo
589 1836 596 1843 .
615 1837 621 1843 .
641 1836 647 1843 .
665 1811 764 1842 video
783 1812 876 1853 esse]
896 1811 1003 1842 Locus
1020 1811 1202 1843 lacmzosus.
1252 1810 1389 1850 Proptfr
1403 1810 1482 1841 item
1502 1808 1630 1840 videtur

296 1855 443 1886 clausula
461 1856 580 1895 perisse
595 1866 677 1894 quae
697 1856 850 1894 primum
866 1856 1000 1894 fulsum
1026 1856 1184 1885 unulfum
1209 1855 1362 1894 exposuit,
1385 1858 1419 1884 ut
1441 1853 1628 1893 ll'esrnbmg

297 1900 497 1938 monstravit,
517 1899 603 1929 velut
619 1900 718 1929 modo
735 1900 776 1929 ad
797 1899 993 1938 Pompeium
1014 1899 1186 1937 festinare,
1207 1899 1295 1937 quod
1319 1898 1436 1928 salsum
1455 1902 1516 1927 est.
1564 1896 1626 1926 Re-

296 1943 386 1982 liqua
414 1943 635 1974 inertissima.
688 1942 876 1981 llfsssenbetgr
906 1943 1015 1972 (ouz'cil
1043 1943 1143 1972 modo
1171 1953 1247 1972 esse
1276 1942 1308 1971 iu
1332 1941 1461 1971 Tiburti
1489 1940 1541 1970 Μ’.
1565 1940 1630 1979 (vel

296 1986 487 2019 Tiburtino)
509 1986 637 2025 Lepidi,
658 1997 725 2025 quo
749 1997 823 2016 cum
844 1986 981 2025 Lepidis
1002 1986 1060 2019 (ita
1077 1986 1209 2018 Iunius)
1227 1986 1426 2015 accessisset
1445 1985 1504 2023 (stu
1523 1983 1622 2014 Rom.

296 2029 332 2068 I)
351 2030 391 2060 ad
410 2031 548 2059 urbem:
576 2030 655 2068 fort.
677 2040 819 2068 quocum
850 2031 996 2068 Lepidus
1021 2030 1220 2059 accessisset
1244 2030 1285 2059 ad
1313 2029 1438 2059 urbem.
1489 2027 1630 2067 Madw'g

297 2073 456 2104 audacius
469 2074 568 2103 modo
583 2084 658 2103 esse
672 2074 705 2103 in
720 2073 846 2103 Tiburti
864 2074 991 2112 Lepidi,
1010 2073 1097 2103 haud
1117 2073 1239 2111 lepide,
1256 2073 1364 2109 modo,
1381 2081 1454 2101 cum
1467 2071 1624 2110 lepidius,

297 2117 482 2148 accessisse
496 2117 537 2146 ad
551 2117 678 2148 urbem.
727 2115 910 2146 Scddnln'to
923 2127 1005 2146 uum
1019 2116 1122 2146 Ct'ccro
1135 2117 1196 2145 tali
1208 2116 1273 2145 ioco
1286 2115 1336 2145 ln'c
1346 2115 1477 2154 quidem
1490 2114 1629 2143 7111'111‘111e

298 2160 499 2191 ludibundus
516 2171 598 2190 usus
614 2161 663 2197 sit,
684 2160 742 2190 em·
756 2161 840 2189 alias
856 2165 948 2195 saepe
965 2160 1065 2195 (velut
1081 2160 1125 2191 vi.
1147 2170 1172 2189 1.
1189 2160 1245 2198 25)
1264 2159 1298 2189 in
1314 2158 1416 2188 verbis
1434 2158 1582 2196 Lepidus
1599 2159 1628 2186 et

298 2205 442 2244 lepidus,
459 2215 533 2234 cum
558 2204 671 2233 auimo
694 2207 762 2234 emt
784 2204 1126 2242 solntzme,stst1'vese
1149 2204 1218 2242 agit
1351 2212 1390 2231 22
1415 2198 1624 2240 occulta'ndi]

298 2249 448 2281 occultis,
462 2248 649 2278 occultandi
669 2247 741 2277 coni
765 2247 874 2277 Lamb
896 2259 901 2277 :
926 2248 1067 2277 occultis
1085 2246 1276 2285 explicandi
1296 2245 1418 2275 Mt'iller
1433 2245 1500 2274 coll.
1519 2254 1556 2273 12
1570 2253 1592 2273 Α
1606 2253 1626 2281 3

298 2292 509 2331 adipiscendi
533 2292 636 2331 vulg:
667 2291 841 2331 apiscendi
861 2290 907 2330 M,
923 2291 1042 2328 forma
1067 2291 1122 2321 vix
1141 2289 1234 2331 apud
1254 2289 1434 2319 Ciceronem
1460 2285 1627 2318 toleranda

299 2345 340 2374 23
363 2336 389 2366 is
407 2334 567 2375 Madvig:
593 2336 625 2365 id
644 2335 733 2366 codd.
