1790 2837
105 119 158 157 II.
182 119 260 156 xix
530 117 587 155 M.
618 116 800 154 TVLLI·
819 115 1126 155 CICERONIS

173 242 299 279 posse.
363 228 484 267 Dices
522 228 709 267 fortasse:
756 226 990 276 ‘Dignitatis
1030 228 1112 268 ἅλις
1150 234 1351 276 tamquam
1391 226 1508 276 δρυός,

173 294 298 341 saluti,
321 293 352 331 si
380 306 444 331 me
469 306 589 341 amas,
611 292 798 331 consule.'
855 294 926 330 Me
954 291 1162 330 miserum!
1193 305 1261 329 cur
1280 305 1361 329 non
1381 292 1508 330 ades?

176 358 274 396 nihil
312 359 490 409 profecto
529 363 569 396 te
604 356 841 409 praeteriret.
902 358 988 406 Ego
1026 357 1189 394 fortasse
1225 357 1431 405 τυφλώττω
1469 362 1508 394 et

129 433 153 460 2
172 422 339 461 nimium
367 424 419 475 τῷ
452 423 556 475 καλῷ
579 422 860 473 προσπέπονθα.
920 420 1028 459 Scito
1057 420 1154 459 nihil
1178 434 1367 470 umquam
1388 419 1507 458 fuisse

172 494 253 525 tam
281 486 438 535 infame,
471 494 551 526 tam
583 494 706 538 turpe,
737 494 819 525 tam
850 499 1046 537 peraeque
1070 485 1256 524 omnibus
1284 485 1504 535 generibus,
1527 499 1544 531 5

171 551 387 600 ordinibus,
411 552 605 591 aetatibus
635 553 830 590 offensum
857 564 978 601 quam
1002 551 1109 588 hunc
1135 557 1280 588 statum
1309 549 1377 599 qui
1400 563 1508 587 nunc

170 624 239 664 est,
258 616 381 667 magis
398 630 461 655 me
477 617 636 655 hercule
652 629 771 666 quam
784 616 926 654 vellem
942 628 1025 653 non
1041 615 1163 652 modo
1179 628 1299 664 quam
1315 621 1504 668 putarem.

172 683 387 732 Populares
418 681 481 719 isti
511 681 590 719 iam
619 680 739 719 etiam
770 681 972 718 modestos
998 678 1181 717 homines
1202 678 1358 717 sibilare
1387 679 1508 717 docu-

170 754 293 785 erunt.
345 746 511 785 Bibulus
531 745 572 784 in
593 747 703 785 caelo
723 752 782 784 est
802 758 876 783 nec
897 758 975 795 qua
995 758 1035 782 re
1055 744 1151 792 scio,
1168 745 1238 782 sed
1258 743 1311 782 ita
1327 744 1508 782 laudatur

171 811 283 862 quasi
1528 827 1568 849 10

322 878 458 916 ‘Vnus
487 878 610 915 homo
639 875 756 914 nobis
786 876 1013 914 cunctando
1041 873 1209 914 restituit
1238 875 1344 912 rem.'

225 941 448 992 Pompeius,
477 940 601 980 nostri
630 953 798 989 amores,
826 941 935 989 quod
963 939 1060 977 mihi
1092 952 1249 977 summo
1276 938 1402 977 dolori
1434 946 1502 988 est,

169 1006 253 1057 ipse
279 1020 321 1045 se
346 1006 505 1045 adflixit.
566 1005 780 1045 Neminem
811 1012 946 1043 tenent
972 1005 1174 1043 voluntate
1189 1018 1199 1052 3
1232 1017 1283 1042 ne
1313 1011 1421 1044 metu
1442 1018 1507 1044 ne-

169 1085 279 1111 cesse
303 1071 351 1110 sit
379 1071 425 1109 iis
454 1070 514 1110 uti
540 1084 685 1117 vereor.
748 1071 834 1120 Ego
854 1077 987 1108 autem
1008 1082 1138 1119 neque
1162 1082 1296 1119 pugno
1321 1082 1412 1106 cum
1440 1069 1506 1108 illa

169 1151 288 1176 causa
324 1143 483 1187 propter
515 1135 622 1174 illam
656 1134 870 1173 amicitiam
905 1147 1035 1184 neque
1065 1134 1254 1184 approbo,
1290 1147 1340 1172 ne
1371 1133 1505 1172 omnia
1527 1148 1564 1181 15

127 1202 391 1252 3improbem
431 1214 533 1251 quae
570 1207 687 1239 antea
724 1198 853 1249 gessi;
900 1206 989 1236 utor
1026 1198 1097 1236 via.
1176 1197 1318 1248 Populi
1366 1211 1504 1238 sensus

170 1267 340 1306 maxime
360 1268 513 1305 theatro
538 1273 576 1305 et
603 1264 837 1316 spectaculis
868 1271 1097 1314 perspectus
1126 1271 1185 1302 est
1201 1278 1212 1312 3
1242 1277 1333 1301 nam
1362 1263 1506 1313 gladia-

169 1338 320 1377 toribus
350 1350 428 1387 qua
457 1336 642 1375 dominus
671 1349 750 1385 qua
782 1334 965 1372 advocati
995 1333 1117 1372 sibilis
1149 1333 1337 1372 conscissi
1354 1348 1362 1380 ;
1402 1333 1505 1372 ludis

170 1402 465 1453 Apollinaribus
502 1401 687 1451 Diphilus
727 1400 936 1450 tragoedus
975 1398 1017 1438 in
1054 1405 1233 1437 nostrum
1269 1398 1505 1449 Pompeium

170 1469 390 1519 petulanter
419 1467 596 1505 invectus
626 1472 710 1505 est:
1526 1475 1567 1497 20

444 1530 614 1570 ‘Nostra
643 1529 800 1568 miseria
827 1536 870 1568 tu
900 1543 942 1568 es
972 1530 1212 1579 magnus—⁷

170 1597 325 1636 miliens
345 1604 505 1636 coactus
526 1602 584 1634 est
604 1595 735 1634 dicere
752 1609 762 1644 3

227 1653 433 1701 ‘Eandem
460 1661 643 1699 virtutem
672 1661 788 1699 istam
816 1659 948 1698 veniet
977 1658 1133 1710 tempus
1162 1672 1253 1697 cum
1287 1656 1452 1709 graviter

331 1727 489 1777 gemes'

170 1792 290 1832 totius
317 1789 457 1830 theatri
486 1792 658 1829 clamore
687 1788 784 1828 dixit
813 1788 988 1839 itemque
1019 1796 1157 1827 cetera.
1218 1789 1323 1826 Nam
1353 1795 1391 1826 et
1420 1786 1503 1825 eius
1525 1800 1563 1835 25

172 1857 281 1896 modi
301 1863 392 1895 sunt
413 1855 439 1894 ii
457 1868 591 1894 versus
610 1853 668 1893 uti
689 1853 729 1892 in
750 1861 905 1905 tempus
926 1854 976 1892 ab
998 1853 1159 1892 inimico
1185 1851 1351 1903 Pompei
1372 1851 1504 1902 scripti

171 1936 257 1962 esse
277 1921 483 1961 videantur
501 1936 509 1960 ε

349 1986 414 2025 ‘Si
443 1999 573 2036 neque
602 1986 706 2035 leges
736 1997 866 2034 neque
897 1997 1024 2023 mores
1053 1984 1289 2034 cogunt—'‚

173 2060 211 2092 et
231 2059 360 2091 cetera
380 2064 523 2101 magno
543 2063 634 2089 cum
655 2049 812 2088 fremitu
833 2057 870 2087 et
891 2050 1062 2087 clamore
1083 2055 1173 2086 sunt
1194 2047 1309 2086 dicta.
1360 2047 1505 2086 Caesar

173 2131 264 2156 cum
302 2116 472 2156 venisset
511 2123 666 2154 mortuo
705 2116 855 2165 plausu,
899 2113 1019 2154 Curio
1058 2113 1159 2151 filius
1198 2120 1257 2151 est
1290 2112 1500 2151 insecutus.
1524 2127 1564 2158 30

217 2230 236 2260 5
260 2230 431 2260 peraeque
450 2219 492 2249 C:
526 2218 688 2258 peraequi
711 2216 773 2249 Zl:
809 2218 851 2248 de
878 2228 980 2256 reque
1007 2215 1080 2249 JW:
1108 2217 1150 2247 de
1176 2226 1212 2247 re
1240 2227 1328 2255 quae
1353 2216 1411 2246 H:
1447 2216 1504 2246 de-

175 2265 276 2303 nique
293 2262 511 2294 ENO2PM²s
679 2272 697 2302 7
722 2266 878 2301 putaram
895 2260 1007 2290 Aldus
1151 2269 1183 2289 11
1212 2261 1368 2290 restituat
1386 2259 1503 2290 Lamb.

178 2318 215 2337 12
240 2317 372 2337 amores
398 2306 440 2337 C:
477 2315 592 2336 amore
619 2303 663 2335 M
800 2314 838 2344 13
862 2308 955 2334 tenet
977 2303 1099 2334 Sclzz'ilz
1233 2305 1271 2333 16
1295 2303 1405 2333 media
1430 2307 1505 2332 utor

174 2352 228 2381 via
244 2351 321 2381 coni.
345 2349 533 2391 lVescnberg
653 2357 696 2388 24
720 2357 836 2388 gemas
853 2346 967 2379 codices
985 2346 1095 2379 Valeri
1107 2345 1200 2378 Max.
1221 2347 1262 2377 vi.
1282 2356 1311 2377 2.
1331 2357 1352 2386 9
1461 2354 1503 2385 25

176 2399 210 2426 et
226 2393 284 2424 del.
302 2392 421 2425 Lamb.
