1817 2832
180 128 274 166 VII.
293 127 323 165 ii
645 129 701 166 M.
735 129 906 166 TVLLI
938 128 1246 168 CICERONIS

285 239 336 278 de
365 237 547 288 periculis
578 237 631 276 rei
661 238 855 288 publicae.
917 239 1027 288 Quid
1052 239 1338 279 rescriberem?
1367 241 1481 280 valde
1511 254 1614 279 eram

285 304 544 352 perturbatus.
603 304 682 342 Sed
721 311 764 342 ut
802 303 901 342 nihil
940 318 1084 354 magno
1124 318 1242 355 opere
1274 312 1448 344 metuam
1484 305 1617 345 Parthi

283 367 432 406 faciunt
453 367 520 418 qui
541 376 702 419 repente
724 367 913 407 Bibulum
935 369 1167 408 semivivum
1187 369 1438 420 reliquerunt.

324 525 398 560 III
573 528 643 562 Scr.
660 529 694 561 in
715 529 897 561 Trebulano
913 540 933 561 v
946 529 998 561 Id.
1015 529 1090 562 Dec.
1107 540 1139 562 a.
1158 539 1218 570 704
1239 530 1321 571 (50).

699 618 875 650 CICERO
899 617 1072 650 ATTICO
1098 617 1196 650 SAL.
1635 636 1653 669 5

243 718 260 746 1
336 707 383 744 A.
415 706 453 745 d.
486 717 560 744 V111
595 707 692 745 Idus
724 708 933 746 Decembr.
967 708 1218 746 Aeculanum
1247 706 1338 746 veni
1373 714 1411 746 et
1441 706 1496 747 ibi
1525 715 1612 747 tuas

279 770 425 809 litteras
446 771 521 821 legi
543 785 639 821 quas
662 772 897 811 Philotimus
928 772 1025 811 mihi
1045 772 1228 811 reddidit.
1290 775 1323 811 E
1345 772 1489 823 quibus
1510 775 1612 812 hanc

279 835 407 886 primo
428 845 589 887 aspectu
610 838 852 887 voluptatem
874 838 961 888 cepi
976 840 1084 888 quod
1098 846 1207 876 erant
1227 852 1250 877 a
1270 845 1308 876 te
1329 838 1416 888 ipso
1433 838 1608 890 scriptae,

279 900 425 940 deinde
445 916 579 940 earum
599 902 892 941 accuratissima
905 903 1107 953 diligentia
1127 917 1214 942 sum
1232 903 1373 941 mirum
1391 904 1429 942 in
1446 905 1610 943 modum

278 968 506 1006 delectatus.
564 969 624 1006 Ac
645 967 815 1017 primum
843 968 940 1007 illud
967 968 1007 1006 in
1028 982 1108 1018 quo
1138 976 1176 1007 te
1208 968 1453 1008 Dicaearcho
1473 971 1610 1008 adsen-
1632 986 1673 1009 10

278 1032 339 1071 tiri
370 1046 498 1083 negas,
531 1032 603 1071 etsi
634 1033 888 1083 cupidissime
915 1033 1131 1084 expetitum
1152 1048 1175 1072 a
1195 1047 1258 1072 me
1279 1041 1337 1073 est
1358 1041 1395 1072 et
1416 1042 1454 1073 te
1473 1048 1611 1085 appro-

276 1096 396 1135 bante
426 1111 475 1135 ne
505 1096 651 1135 diutius
681 1111 787 1135 anno
816 1097 856 1135 in
885 1097 1087 1147 provincia
1116 1111 1254 1146 essem,
1278 1105 1410 1136 tamen
1441 1112 1521 1137 non
1551 1107 1609 1138 est

277 1170 410 1201 nostra
439 1162 694 1201 contentione
724 1164 951 1213 perfectum.
1012 1163 1076 1202 Sic
1105 1164 1211 1202 enirn
1241 1163 1351 1211 scito,
1375 1164 1537 1202 verbum
1568 1164 1608 1203 in

277 1235 415 1266 senatu
437 1229 583 1266 factum
605 1241 689 1266 esse
710 1242 930 1278 numquam
944 1229 994 1267 de
1008 1230 1089 1267 ullo
1105 1236 1284 1267 nostrum
1302 1228 1368 1279 qui
1386 1229 1606 1279 provincias

276 1292 520 1331 obtinuimus
551 1306 630 1343 quo
662 1293 702 1331 in
736 1293 782 1331 iis
816 1293 963 1332 diutius
998 1307 1117 1343 quam
1147 1308 1194 1332 ex
1232 1301 1390 1332 senatus
1424 1296 1606 1334 consulto
1628 1309 1666 1343 15

276 1372 536 1405 maneremus,
559 1366 601 1397 ut
626 1359 703 1396 iam
728 1372 778 1397 ne
806 1358 915 1397 istius
937 1359 1100 1409 quidem
1124 1359 1178 1398 rei
1204 1361 1359 1410 culpam
1391 1359 1605 1398 sustineam

274 1425 383 1474 quod
414 1423 542 1462 minus
573 1423 640 1462 diu
671 1423 810 1462 fuerim
840 1424 880 1462 in
909 1424 1111 1475 provincia
1145 1437 1263 1474 quam
1295 1425 1458 1463 fortasse
1492 1425 1605 1464 fuerit

229 1499 252 1527 2
274 1489 379 1528 utile.
440 1490 518 1528 Sed
556 1489 675 1540 ‘quid
708 1489 739 1527 si
773 1491 849 1528 hoc
890 1490 1081 1528 melius?'
1121 1497 1227 1540 saepe
1265 1497 1488 1540 opportune
1527 1490 1605 1529 dici

272 1553 426 1592 videtur
442 1562 483 1592 ut
499 1554 538 1592 in
560 1556 636 1592 hoc
658 1554 753 1604 ipso.
815 1554 904 1593 Sive
924 1555 1029 1593 enim
1050 1556 1100 1593 ad
1115 1555 1368 1593 concordiam
1386 1569 1445 1593 res
1458 1555 1604 1594 adduci

270 1626 400 1669 potest
422 1618 501 1657 sive
522 1620 572 1657 ad
594 1620 790 1657 bonorum
811 1618 1025 1667 victoriam,
1049 1619 1230 1658 utriusvis
1251 1619 1304 1657 rei
1327 1633 1389 1658 me
1409 1628 1475 1657 aut
1495 1620 1603 1659 adiu-
1625 1635 1663 1657 20

271 1691 396 1722 torem
426 1684 541 1722 veliin
572 1697 657 1722 esse
686 1691 753 1721 aut
785 1691 889 1722 certe
923 1698 1004 1722 non
1039 1692 1265 1734 expertem3
1299 1684 1359 1722 sin
1393 1684 1602 1723 vincuntur

269 1748 376 1795 boni,
400 1748 640 1798 ubicumque
661 1762 798 1795 essem,
823 1762 901 1786 una
921 1762 1011 1787 curn
1042 1748 1087 1787 iis
1108 1749 1232 1787 victus
1253 1763 1389 1787 essem.
1451 1751 1541 1798 Qua
1562 1764 1601 1788 re

269 1814 444 1852 celeritas
474 1813 595 1851 nostri
625 1813 772 1851 reditus
802 1815 1080 1864 ἀμεταμέλητος
1109 1815 1229 1852 debet
1262 1828 1357 1852 esse.
1418 1816 1539 1863 Quod
1569 1814 1600 1852 si

268 1877 340 1916 ista
361 1877 476 1916 nobis
498 1877 681 1928 cogitatio
703 1879 753 1916 de
782 1878 981 1929 triumpho
1010 1879 1152 1917 iniecta
1177 1892 1258 1916 non
1286 1886 1388 1916 esset
1410 1892 1528 1928 quam
1558 1886 1599 1916 tu

267 1956 426 1993 quoque
447 1944 652 1993 approbas,
677 1957 726 1981 ne
744 1951 785 1981 tu
801 1945 906 1982 haud
923 1945 1090 1981 multum
1113 1943 1326 1992 requireres
1348 1943 1457 1980 illum
1474 1942 1598 1981 virum
1621 1961 1658 1994 25

266 2007 333 2057 qui
361 2008 399 2046 in
427 2016 536 2046 sexto
561 2008 660 2046 libro
689 2008 920 2047 informatus
949 2017 1017 2047 est.
1079 2008 1187 2057 Quid
1218 2008 1323 2046 enim
1354 2007 1424 2046 tibi
1455 2007 1596 2046 faciam

265 2072 333 2122 qui
354 2072 439 2111 illos
460 2072 579 2111 libros
602 2073 827 2111 devorasti?
886 2073 994 2122 Quin
1016 2086 1122 2111 nunc
1152 2072 1280 2123 ipsum
1303 2085 1383 2110 non
1405 2071 1598 2111 dubitabo

264 2151 346 2175 rem
367 2145 516 2175 tantam
537 2137 703 2185 abicere,
728 2137 758 2176 si
781 2137 820 2176 id
843 2138 914 2176 erit
935 2138 1086 2176 rectius.
1133 2139 1355 2186 Vtrumque
1372 2150 1464 2175 vero
1481 2136 1596 2174 simul

262 2202 324 2253 agi
348 2216 429 2241 non
456 2210 585 2254 potest
614 2211 652 2242 et
679 2204 729 2241 de
760 2203 960 2253 triumpho
987 2202 1196 2241 ambitiose
1220 2210 1258 2241 et
1289 2203 1338 2240 de
1369 2216 1408 2240 re
1438 2201 1596 2252 publica

311 2317 347 2337 11
375 2311 426 2337 est
452 2305 525 2336 edd.
563 2306 599 2346 (ᾖ
618 2305 758 2346 Μασίυιζξ
773 2305 819 2336 ad
834 2306 906 2337 Fin.
924 2307 968 2338 iii.
986 2307 1028 2346 58
1041 2311 1076 2347 p.
1093 2316 1155 2345 444
1172 2317 1178 2336 t
1204 2307 1247 2337 sit
1271 2304 1358 2336 codd.
1456 2301 1491 2335 'te
1516 2315 1594 2367 app

266 2349 353 2380 CH:
378 2360 455 2389 app.
474 2355 507 2381 te
525 2349 598 2380 M²s
615 2361 620 2380 :
645 2361 711 2380 om.
729 2355 761 2380 te
785 2349 940 2379 NOPM1
1134 2350 1172 2379 18
1197 2360 1300 2389 saepe
1326 2348 1354 2378 L
1374 2348 1510 2388 (marg.)
1587 2358 1593 2379 :

264 2404 329 2425 om.
347 2393 437 2425 codd.
573 2402 612 2434 19
636 2394 687 2435 ut]
705 2393 757 2423 vel
775 2393 897 2424 Muller
1025 2394 1067 2424 26
1091 2393 1228 2434 faciam]
1247 2398 1375 2424 taceam
1399 2392 1511 2423 Moser
