1817 2832
705 101 818 140 EPP.
849 102 927 140 AD
956 101 1216 141 ATTICVM
1466 101 1584 140 VIII.
1603 100 1702 138 xiie

33 195 37 270 Ι
279 213 320 252 in
358 220 615 264 conspectum
651 213 827 254 Caesaris
865 213 1211 252 committerentur.
1271 214 1402 263 Quam
1437 213 1491 252 ob
1528 227 1608 252 rem

32 274 36 317 l
280 278 405 318 nolito
439 278 689 325 commoveri,
719 278 750 317 si
783 278 952 317 audieris
986 292 1048 317 me
1078 278 1238 329 regredi,
1270 279 1301 317 si
1333 280 1430 317 forte
1466 280 1610 318 Caesar

31 321 35 404 l
279 344 330 381 ad
365 356 429 381 me
459 343 614 391 veniet3
652 344 871 382 cavendum
904 343 1008 381 enim
1043 351 1140 393 puto
1178 356 1262 381 esse
1300 357 1350 382 ne
1388 343 1610 393 implicatus

30 405 34 471 Ι
280 409 472 447 haeream.
532 409 636 446 Nam
663 422 794 458 neque
819 417 944 447 castra
969 417 1126 458 propter
1152 408 1242 446 anni
1268 416 1422 458 tempus
1449 417 1487 447 et
1514 408 1610 446 rnili-

28 478 33 530 ξ
240 480 363 516 5tum
403 473 556 512 animos
595 475 721 512 facere
759 487 920 523 possum
965 487 1094 523 neque
1131 488 1178 512 ex
1222 474 1406 512 omnibus
1451 474 1608 524 oppidis

28 542 32 578 ἶ
280 539 509 577 contrahere
539 538 672 589 copias
706 538 876 588 expedit,
905 552 954 576 ne
987 546 1188 588 receptum
1220 538 1408 576 amittam.
1468 540 1608 588 Itaque

279 616 360 641 non
380 604 548 653 amplius
569 615 663 641 xlm
685 603 857 642 cohortis
878 603 1083 642 Luceriam
1104 603 1224 653 coegi.
1285 605 1478 643 Consules
1503 617 1609 654 prae·
1627 612 1651 649 3

19 666 30 701 'l
279 668 379 707 sidia
417 668 551 707 omnia
588 670 643 706 ad
676 682 731 706 me
768 668 975 707 deducturi
1006 676 1096 707 sunt
1129 676 1196 706 aut
1229 668 1269 706 in
1304 668 1474 707 Siciliam
1507 668 1606 706 ituri.

280 734 384 771 Nam
405 741 471 771 aut
492 733 703 772 exercitum
725 735 880 772 firmum
906 734 1050 772 habere
1077 740 1230 783 oportet
1258 747 1337 783 quo
1362 734 1608 772 confidamus

225 811 260 834 10
280 811 531 848 perrumpere
563 811 635 836 nos
667 811 781 848 posse
814 805 881 836 aut
914 798 1090 848 regiones
1125 798 1207 836 eius
1239 798 1347 836 modi
1379 798 1555 836 obtinere
1587 812 1609 836 e

280 863 424 913 quibus
453 876 741 913 repugnemus;
772 863 811 902 id
839 865 947 913 quod
974 871 1155 902 neutrum
1185 863 1300 902 nobis
1326 865 1402 902 hoc
1432 871 1608 913 tempore

280 927 453 977 contigit,
477 929 585 977 quod
614 935 652 966 et
682 941 863 978 magnam
890 936 1039 978 partem
1068 928 1204 966 Italiae
1232 929 1376 967 Caesar
1402 928 1607 978 occupavit

21 993 27 1019 l
280 1000 319 1030 et
349 1005 422 1030 nos
455 1005 536 1030 non
568 993 759 1031 habemus
790 992 1000 1031 exercitum
1039 999 1118 1030 tam
1151 994 1327 1042 amplum
1365 1006 1494 1042 neque
1527 1000 1607 1030 tam

20 1071 27 1091 ι’
282 1071 468 1108 magnum
507 1071 624 1108 quarn
664 1058 738 1096 ille.
814 1060 953 1107 Itaque
991 1057 1106 1096 nobis
1144 1057 1431 1107 providendum
1471 1065 1529 1095 est
1566 1064 1608 1095 ut

224 1137 261 1169 15
282 1136 477 1161 summam
509 1123 563 1161 rei
593 1122 776 1172 publicae
807 1122 998 1160 rationem
1037 1123 1262 1160 habeamus.
1323 1122 1452 1160 Etiam
1491 1130 1609 1171 atque

281 1187 398 1226 etiam
429 1195 466 1226 te
495 1188 628 1226 hortor
656 1194 699 1225 ut
725 1200 815 1225 cum
844 1186 952 1225 omni
982 1186 1096 1236 copia
1122 1200 1238 1236 quarn
1266 1187 1436 1236 primum
1464 1188 1515 1224 ad
1546 1200 1609 1224 me

281 1252 423 1290 venias.
485 1254 698 1290 Possumus
737 1251 853 1290 etiarn
888 1264 994 1289 nunc
1031 1265 1112 1289 rem
1151 1250 1349 1301 publicam
1388 1250 1542 1301 erigere,
1577 1250 1608 1288 si

281 1316 484 1355 communi
514 1316 678 1355 consilio
711 1316 911 1366 negotium
940 1315 1300 1354 administrabimus
1317 1330 1327 1363 3
1360 1315 1391 1353 si
1425 1315 1610 1353 distrahe-

282 1394 379 1429 mur,
410 1381 553 1419 infirmi
583 1381 737 1420 erimus.
799 1380 900 1418 Mihi
929 1381 1004 1418 hoc
1034 1380 1290 1418 constitutum
1320 1387 1388 1418 est.

223 1457 263 1480 20
338 1446 415 1484 His
435 1446 570 1485 litteris
591 1446 742 1497 scriptis
772 1446 884 1484 Sicca
912 1446 982 1484 abs
1007 1453 1044 1483 te
1075 1445 1170 1483 mihi
1190 1445 1335 1483 litteras
1362 1452 1400 1483 et
1424 1446 1610 1483 mandata

281 1510 420 1549 attulit.
478 1512 599 1559 Quod
631 1524 694 1549 me
725 1512 878 1548 hortare
914 1517 955 1548 ut
990 1510 1089 1548 istuc
1115 1509 1280 1555 veniam,
1318 1508 1357 1547 id
1389 1522 1452 1547 me
1483 1511 1609 1548 facere

282 1589 363 1613 non
391 1575 556 1614 arbitror
583 1588 710 1627 posse,
742 1576 852 1626 quod
880 1588 961 1613 non
992 1587 1134 1624 magno
1155 1587 1272 1625 opere
1301 1573 1361 1612 his
1391 1573 1609 1623 legionibus

281 1640 452 1681 confido.

922 1775 972 1811 D.

12 1857 19 1911 l
226 1903 263 1935 25
606 1886 677 1918 Scr.
697 1885 848 1918 Luceriae
863 1887 923 1918 xiii
935 1886 978 1918 K.
997 1886 1099 1918 Mart.
1122 1896 1178 1927 705
1195 1885 1282 1928 (49).

5 1964 14 2007 l
363 1973 436 2004 CN.
463 1972 658 2005 MAGNVS
685 1973 881 2005 PROCOS.
908 1974 943 2006 S.
969 1974 1011 2006 D.
1040 1974 1076 2006 L.
1102 1974 1303 2005 DOMITIO
1330 1973 1528 2007 PROCOS.

339 2051 508 2090 Litterae
534 2051 630 2090 mihi
649 2065 671 2089 a
693 2059 730 2090 te
750 2052 926 2090 redditae
947 2060 1037 2090 sunt
1056 2066 1089 2091 a.
1111 2054 1148 2090 d.
1170 2065 1247 2091 X111
1272 2055 1358 2091 Kal.
1385 2054 1545 2092 Martias
1566 2053 1606 2092 in
1625 2061 1643 2088 1

4 2118 14 2160 :l
283 2116 427 2166 quibus
457 2116 592 2154 scribis
624 2117 832 2156 Caesarem
863 2118 969 2166 apud
1001 2117 1218 2156 Corfinium
1257 2125 1382 2155 castra
1418 2118 1608 2168 posuisse.

2 2250 3 2256 ἵ
328 2219 349 2249 8
372 2218 413 2249 ad
425 2227 478 2248 me
492 2218 554 2258 (vel
563 2218 668 2248 simile
683 2218 776 2258 quid)
804 2217 879 2249 add.
901 2217 1089 2259 Wesenbmg
1102 2230 1109 2250 ε
1134 2219 1354 2250 Brundisium
1368 2219 1441 2251 add.
1457 2220 1611 2252 Schmidt

2 2263 13 2324 ί
287 2262 358 2301 aut]
379 2267 436 2292 aut
454 2261 518 2293 huc
534 2267 591 2293 aut
608 2261 802 2301 Sternkopf:
827 2267 861 2292 ct
878 2262 957 2293 coni.
972 2262 1054 2292 Reid
1071 2262 1137 2294 coll.
1157 2266 1171 2300 §
1191 2272 1210 2292 2
1229 2264 1247 2293 l.
1262 2264 1303 2293 26
1395 2273 1433 2303 15
1458 2274 1609 2295 summae

1 2307 2 2310 ’
287 2305 316 2335 L
337 2305 479 2345 (marg.)
625 2315 668 2335 20
693 2305 789 2336 Sicca
810 2305 870 2335 abs
890 2310 922 2335 te
939 2305 1040 2335 Boot:
1067 2307 1115 2336 sic
1132 2307 1172 2336 ad
1190 2311 1289 2345 poete
1306 2306 1393 2337 codd.
1411 2318 1418 2338 ε
1444 2307 1521 2338 Sica
1538 2319 1557 2338 a
1576 2313 1610 2339 te

287 2348 375 2389 vulg.
468 2352 502 2378 et
520 2349 674 2379 mandata
690 2348 800 2379 attulit
818 2348 918 2379 EOR
933 2360 940 2379 :
964 2349 1074 2379 attulit
1092 2354 1125 2380 et
1143 2350 1299 2380 mandata
1320 2354 1348 2379 Δ
