1817 2832
645 148 758 185 EPP.
790 149 868 185 AD
897 147 1156 186 ATTICVM
1498 147 1575 184 ΙΙΙ.
1599 156 1692 182 xxv

295 254 424 288 XXV
462 257 532 289 Ser.
547 257 708 298 Dyrrachi
725 269 768 288 m.
785 257 861 289 Dec.
877 268 907 289 a.
926 258 989 298 696
1009 258 1020 298 ζ
1031 259 1085 299 58)
1097 261 1173 298 post
1188 257 1219 288 iv
1234 256 1298 297 Id„
1319 259 1392 287 ante
1407 256 1432 287 ii
1445 256 1488 288 K.
1506 256 1578 288 Ian.

673 334 848 365 CICERO
873 334 1044 365 ATTICO
1070 334 1166 366 SAL.

306 413 400 451 Post
429 420 540 450 tuum
570 426 593 450 a
622 426 685 451 me
714 412 931 451 discessum
960 412 1109 450 litterae
1138 411 1234 449 mihi
1266 413 1396 449 Roma
1428 412 1581 449 adlatae

252 485 341 515 sunt
369 491 415 515 ex
442 478 585 527 quibus
613 478 806 528 perspicio
831 477 944 516 nobis
972 477 1012 514 in
1038 479 1112 515 hac
1139 476 1359 515 calamitate
1381 477 1581 514 tabescen—

214 557 230 587 5
251 543 347 581 dum
369 556 463 581 esse.
526 545 668 592 Neque
695 542 799 581 enim
822 543 909 592 (sed
930 543 1076 581 bonam
1098 542 1138 579 in
1164 550 1313 592 partem
1341 541 1527 591 accipies)
1549 540 1580 579 si

252 609 329 646 ulla
350 621 438 658 spes
468 608 601 646 salutis
631 616 786 646 nostrae
815 609 1006 654 subesset,
1030 615 1072 645 tu
1100 621 1169 657 pro
1195 615 1263 645 tuo
1290 620 1422 644 amore
1450 606 1489 643 in
1517 619 1580 643 me

252 674 328 710 hoe
367 681 543 722 tempore
577 672 832 711 discessisses,
891 673 970 711 Sed
1004 686 1054 710 ne
1088 671 1226 721 ingrati
1260 679 1327 709 aut
1365 684 1415 708 ne
1447 670 1579 708 onmia

251 738 350 775 velle
382 737 589 775 nobiseum
624 751 703 774 una
734 736 889 775 interire
919 736 1131 784 videamur,
1166 737 1243 774 hoc
1277 735 1441 782 omitt03
1482 734 1578 772 illud

250 802 320 839 abs
342 809 379 839 te
401 810 492 851 peto
513 803 582 840 des
603 815 777 851 operam,
798 801 837 839 id
866 802 973 851 quod
995 800 1090 838 mihi
1117 799 1343 847 adfirmasti,
1367 807 1409 837 ut
1430 807 1467 837 te
1487 806 1578 837 ante

193 879 230 900 10
254 867 454 904 Kalendas
477 866 677 904 Ianuarias
698 866 939 916 ubicumque
960 865 1103 904 erimus
1124 865 1247 903 sistas.

294 985 447 1020 XXVI
551 988 621 1020 Scr.
640 988 807 1029 Dyrrachi
822 999 866 1020 m.
888 988 1048 1019 Ianuario
1064 999 1092 1019 a.
1115 991 1177 1028 697
1194 988 1285 1029 (57).

669 1061 842 1091 CICERO
866 1061 1038 1091 ATTICO
1064 1060 1161 1091 SAL.

304 1133 474 1172 Litterae
495 1132 591 1170 mihi
610 1146 634 1170 a
654 1132 805 1181 Quinto
832 1134 946 1170 fratre
967 1146 1056 1170 cum
1083 1140 1240 1170 senatus
1267 1134 1448 1170 consulto
1469 1132 1577 1181 quod

250 1199 300 1236 de
321 1211 383 1236 me
410 1206 468 1236 est
494 1199 640 1236 factum
667 1199 821 1236 adlatae
846 1205 946 1235 sunt.
1007 1197 1109 1234 Mihi
1133 1197 1173 1234 in
1200 1196 1333 1235 animo
1363 1205 1420 1235 est
1447 1198 1576 1246 legum

193 1263 437 1305 151ationem
471 1270 695 1313 exspectare
733 1270 784 1311 et)
823 1262 854 1301 si
893 1262 1188 1310 obtrectabitur,
1223 1270 1308 1300 utar
1346 1262 1577 1300 auctoritate

250 1337 407 1367 senatus
441 1337 479 1367 et
510 1328 640 1378 potius
672 1328 750 1366 vita
783 1342 902 1378 quarn
936 1328 1060 1378 patria
1093 1328 1246 1366 carebo.
1305 1329 1379 1375 Tu,
1416 1340 1573 1378 quaeso,

250 1393 390 1431 festina
408 1394 458 1431 ad
479 1407 551 1431 nos
572 1393 714 1431 venire.

292 1496 471 1532 XXVII
552 1499 623 1532 Scr.
642 1498 803 1539 Dyrraclzz
819 1510 865 1531 ex.
887 1511 931 1531 m.
951 1500 1027 1531 Ian.
1046 1512 1076 1531 a.
1099 1500 1161 1542 697
1189 1501 1266 1542 (57).

661 1571 832 1603 CICERO
853 1572 1033 1604 ATTICO
1056 1571 1164 1604 SAL.

192 1660 230 1680 20
304 1645 363 1681 Ex
389 1643 464 1682 tuis
494 1642 629 1682 litteris
654 1651 692 1682 et
721 1658 768 1682 ex
794 1658 833 1683 re
861 1644 945 1694 ipsa
974 1659 1045 1683 nos
1074 1645 1250 1683 funditus
1277 1645 1422 1695 perisse
1446 1645 1572 1684 video,

250 1709 309 1745 Te
348 1721 416 1746 oro
455 1716 496 1746 ut
535 1708 678 1758 quibus
717 1708 756 1746 in
796 1709 911 1747 rebus
950 1709 1006 1747 tui
1046 1710 1123 1748 mei
1161 1710 1395 1760 indigebunt
1434 1710 1575 1749 nostris

251 1771 414 1811 miseriis
435 1786 484 1811 ne
505 1773 621 1812 desis.
680 1775 765 1824 Ego
787 1781 837 1822 te,
858 1782 900 1812 ut
921 1774 1066 1821 scribis,
1091 1774 1169 1813 cito
1189 1775 1344 1814 videbo.

295 1885 314 1914 3
338 1887 357 1905 a
378 1876 446 1917 me]
470 1887 489 1906 a
505 1876 587 1908 meis
610 1877 746 1908 Kalznt:
770 1878 811 1908 ad
836 1888 888 1908 me
913 1879 990 1909 coni.
1017 1878 1157 1918 IJ'rrcll:
1182 1879 1244 1910 iam
1272 1878 1414 1911 Gzcsiz'tt:
1438 1880 1495 1911 del.
1515 1880 1570 1912 Fr.

251 1918 403 1949 Schmidt
530 1921 549 1950 8
567 1921 647 1961 hoc]
676 1921 760 1951 haec
787 1925 811 1951 Σ
836 1921 957 1952 Lamh.
1097 1933 1133 1961 15
1159 1927 1193 1953 et
1221 1934 1286 1954 om.
1313 1924 1335 1953 I
1463 1933 1500 1953 21
1527 1924 1574 1954 tui

251 1963 316 1992 mei
335 1963 533 2002 indigebunt
555 1964 683 1995 Baiter:
710 1966 756 1995 tui
775 1965 858 1996 meis
875 1965 1093 2004 indulgebant
1111 1964 1153 1995 M
