1817 2832
152 113 270 150 VIII.
293 112 341 149 ix
664 111 720 149 M.
753 109 922 147 TVLLI
953 106 1262 147 CICERONIS

302 223 385 273 ipse
416 224 467 261 ad
500 223 673 260 eundem
708 220 882 258 scribens
917 218 957 256 in
990 218 1151 269 publico
1190 217 1394 269 proposuit
1425 217 1631 268 epistulam

302 287 407 325 illam
438 287 478 324 in
508 300 586 336 qua
620 294 678 324 est
707 289 800 335 ‘pro
829 284 905 322 tuis
937 285 1053 322 rebus
1083 283 1202 333 gestis
1234 282 1507 333 amplissimis’
1539 282 1634 331 (am—

302 351 544 402 plioribusne
565 364 684 401 quam
705 350 795 396 suis,
814 363 933 399 quam
952 349 1155 387 Africani?
1198 350 1260 386 Ita
1279 356 1434 398 tempus
1455 348 1632 396 ferebat),

301 417 332 455 si
353 417 514 467 quidem
541 416 658 455 etiam
686 429 756 453 vos
785 417 867 454 duo
897 416 992 453 tales
1021 416 1072 453 ad
1099 414 1281 464 quintum
1310 412 1517 451 miliarium
1538 412 1634 462 quid

301 496 407 520 nunc
446 482 574 531 ipsum
614 482 664 519 de
703 494 744 518 se
782 479 996 530 recipienti,
1031 479 1128 529 quid
1166 478 1307 528 agenti,
1340 477 1436 527 quid
1470 478 1669 518 acturo?:,

304 548 466 595 Quanto
493 554 625 584 autem
656 544 823 583 ferocius
847 545 911 583 ille
935 558 1077 583 causae
1104 557 1197 581 suae
1226 544 1410 589 confidet,
1434 556 1525 580 cum
1552 555 1632 587 vos,

303 625 394 649 cum
428 610 544 649 vestri
582 610 718 648 similis
756 623 837 647 non
876 610 998 647 modo
1036 607 1250 658 frequentis
1288 609 1359 646 sed
1392 609 1495 645 laeto
1526 608 1635 644 vultu

303 675 530 726 gratulantis
556 674 719 713 viderit!
762 676 892 712 ‘Num
922 673 1037 724 igitur
1062 674 1323 723 peccamus?'
1373 671 1541 709 Minime
1566 684 1636 709 vos

303 741 490 791 quidemg
532 742 602 779 sed
641 749 773 778 tamen
812 739 923 789 signa
960 739 1245 778 conturbantur
1278 737 1422 787 quibus
1455 738 1636 775 voluntas

302 821 325 845 a
346 806 595 845 simulatione
616 805 804 855 distingui
824 812 966 855 posset.
1028 805 1142 853 Quae
1161 816 1253 841 vero
1274 810 1433 841 senatus
1457 803 1637 841 consulta

304 872 450 910 video?
497 873 575 910 Sed
596 870 766 921 apertius
788 884 906 920 quam
928 882 1220 919 proposueram.

262 946 286 984 3
361 939 446 987 Ego
467 935 606 986 Arpini
630 937 720 974 volo
750 949 835 974 esse
864 934 989 985 pridie
1017 936 1119 981 Kal„
1142 933 1288 972 deinde
1314 933 1462 972 circum
1485 932 1637 970 villulas

305 1010 457 1040 nostras
487 1015 611 1040 errare
641 1015 738 1051 quas
764 1000 937 1038 visurum
966 1014 1029 1038 me
1058 1007 1195 1050 postea
1220 998 1435 1049 desperavi.
1494 1001 1638 1051 Εὐγενῆ

305 1076 370 1105 tua
391 1067 555 1105 consilia
574 1075 613 1105 et
630 1075 760 1104 tamen
781 1079 852 1116 pro
868 1065 1111 1114 temporibus
1132 1078 1214 1103 non
1234 1064 1392 1102 incauta
1412 1063 1509 1101 mihi
1524 1064 1638 1101 valde

305 1133 529 1183 probantur.
586 1131 740 1181 Lepido
761 1130 922 1180 quidem
945 1130 1052 1179 (nam
1074 1131 1152 1168 fere
1174 1129 1512 1179 συνδιημερεύομεν,
1529 1129 1637 1178 quod
1680 1142 1694 1171 ,-

306 1197 567 1249 gratissimum
596 1196 650 1234 illi
676 1196 751 1247 est)
773 1209 990 1245 numquam
1016 1195 1162 1245 placuit
1182 1209 1229 1233 ex
1251 1194 1364 1233 Italia
1387 1193 1500 1241 exire,
1519 1195 1637 1231 Tullo

307 1265 432 1302 multo
462 1262 602 1300 minus.
663 1263 813 1301 Crebro
844 1261 950 1300 enim
982 1260 1083 1298 illius
1114 1260 1262 1299 litterae
1291 1261 1342 1298 ab
1371 1259 1456 1298 aliis
1485 1260 1536 1297 ad
1565 1271 1638 1296 nos

307 1335 542 1367 commeant.
607 1328 685 1366 Sed
716 1340 779 1365 me
808 1326 963 1364 illorum
993 1325 1211 1364 sententiae
1241 1325 1371 1363 minus
1402 1324 1614 1363 movebant
1630 1338 1639 1371 3

308 1394 436 1431 minus
458 1395 579 1430 multa
596 1394 786 1431 dederant
807 1391 860 1429 illi
878 1391 930 1430 rei
947 1391 1130 1442 publicae
1150 1391 1323 1441 pignora.
1374 1392 1462 1428 Tua
1478 1404 1540 1427 me
1557 1391 1639 1427 her-

306 1461 392 1497 cule
424 1458 633 1497 auctoritas
665 1459 919 1496 vehementer
950 1464 1106 1504 movet;
1144 1458 1270 1495 adfert
1299 1455 1405 1495 enim
1435 1463 1473 1494 et
1500 1454 1636 1504 reliqui
1662 1468 1674 1488 2

306 1523 492 1574 temporis
527 1523 770 1572 reciperandi
802 1522 994 1561 rationem
1029 1530 1067 1560 et
1097 1521 1312 1572 praesentis
1352 1520 1500 1559 tuendi.
1560 1520 1639 1558 Sed

306 1590 471 1627 obsecro
510 1596 558 1636 te,
591 1588 687 1638 quid
726 1589 801 1625 hoc
841 1587 1018 1626 miserius
1053 1601 1170 1637 quam
1206 1588 1370 1625 alterum
1405 1587 1564 1636 plausus
1599 1584 1638 1621 in

306 1652 533 1691 foedissima
563 1666 680 1690 causa
709 1665 905 1701 quaerere,
931 1653 1096 1689 alterum
1124 1650 1361 1689 offensiones
1391 1649 1431 1687 in
1460 1649 1639 1699 optima?

307 1720 471 1757 alterum
506 1717 715 1756 existimari
745 1724 1060 1755 conservatorem
1090 1715 1349 1761 inimicorum,
1379 1716 1544 1752 alterum
1574 1715 1639 1752 de—

309 1791 495 1822 sertorem
537 1782 787 1820 amicorum?
845 1784 895 1819 Et
937 1795 999 1819 me
1041 1782 1199 1819 hercule
1240 1779 1418 1830 quamvis
1458 1793 1637 1817 amemus
1660 1792 1695 1822 2,-

309 1850 490 1887 Gnaeum
530 1856 718 1895 nostrum,
748 1855 790 1885 ut
821 1854 859 1885 et
891 1846 1056 1884 facimus
1090 1853 1128 1884 et
1160 1846 1363 1891 debemus,
1398 1853 1530 1882 tamen
1562 1845 1638 1881 hoc

309 1914 417 1963 quod
439 1912 580 1950 talibus
601 1912 690 1950 viris
712 1926 792 1950 non
813 1911 996 1950 subvenit
1017 1912 1176 1949 laudare
1203 1924 1283 1948 non
1305 1923 1477 1960 possum.
1534 1910 1638 1947 Nam

309 1978 389 2015 sive
410 1977 552 2024 timuit,
566 1977 661 2027 quid
683 1976 887 2027 ignavius?
916 1975 1006 2022 sive,
1024 1982 1065 2013 ut
1087 1974 1248 2024 quidam
1270 1982 1422 2025 putant,
1436 1973 1639 2011 meliorem

309 2056 419 2080 suam
452 2056 610 2080 causam
645 2042 799 2080 illorum
834 2043 956 2079 caede
995 2042 1076 2078 fore
1111 2039 1271 2090 putavit,
1303 2039 1399 2089 quid
1430 2038 1640 2076 iniustius?

310 2108 388 2146 Sed
409 2108 505 2145 haec
526 2106 753 2145 omittamus
769 2121 778 2154 3
807 2119 995 2156 augemus
1017 2105 1122 2144 enim
1143 2106 1321 2143 dolorem
1342 2105 1600 2143 retractando.

354 2223 383 2250 4.
405 2222 422 2250 5
448 2212 526 2250 quid
560 2222 648 2241 nunc
681 2211 787 2249 ipsum
820 2211 861 2240 de
893 2221 930 2240 se
957 2209 1062 2241 Boot:
1101 2210 1190 2248 quod
1223 2209 1264 2239 ad
1300 2209 1355 2247 (ad
1386 2219 1452 2239 om.
1485 2208 1524 2245 C>
1552 2217 1640 2237 nunc

312 2257 419 2295 ipsum
439 2257 528 2285 unde
555 2266 592 2285 se
618 2255 645 2285 C
663 2254 771 2286 codd.;
806 2265 873 2293 quo
896 2264 985 2284 nunc
1008 2254 1115 2292 ipsum
1135 2254 1224 2283 unde
1250 2263 1287 2283 se
1314 2251 1503 2291 ll'escnbctg
1603 2261 1641 2280 10

313 2300 421 2338 possit
455 2299 583 2330 mavult
614 2297 736 2328 Miiller
948 2307 984 2336 17
1012 2298 1120 2327 minus
1154 2296 1267 2327 CER:
1309 2296 1420 2326 minus
1460 2294 1640 2326 movebant

313 2353 421 2373 minus
442 2347 470 2373 Δ
