1790 2837
149 132 180 170 Ι.
198 132 292 169 xvii
580 132 637 169 M.
668 131 838 168 TVLLI
869 130 1176 170 CICERONIS

203 249 320 292 grata.
381 241 489 291 Quin
520 241 616 279 mihi
646 254 752 279 nunc
782 248 820 279 te
851 241 1014 280 absente
1048 255 1130 280 non
1164 244 1293 281 solum
1327 243 1535 282 consilium

203 320 282 356 quo
314 315 356 344 tu
395 306 562 353 excellis,
597 307 668 344 sed
706 305 823 344 etiam
863 306 1054 344 sermonis
1094 308 1402 347 communicatio
1433 323 1536 360 quae

202 371 299 409 mihi
338 371 567 410 suavissima
610 379 742 409 tecum
782 373 881 409 solet
925 385 1022 419 esse,
1063 372 1233 411 maxime
1270 375 1535 424 deest—quid

203 436 365 475 dicam?
406 435 446 474 in
478 436 690 486 publicane
723 450 774 483 re,
809 450 889 485 quo
923 436 963 474 in
997 449 1140 486 genere
1178 437 1275 476 mihi
1313 439 1535 489 neglegenti

202 514 288 539 esse
319 514 400 538 non
434 500 535 547 licet,
567 514 617 538 an
652 500 692 538 in
726 501 871 545 forensi
904 501 1050 548 labore,
1079 515 1199 551 quem
1229 510 1346 541 antea
1375 512 1534 554 propter
1553 516 1569 547 5

202 565 460 604 ambitionem
500 565 755 613 sustinebam,
790 579 897 604 nunc
928 573 971 604 ut
1005 563 1237 615 dignitatem
1276 567 1375 605 tueri
1413 568 1534 618 gratia

201 630 363 681 possim,
383 644 434 668 an
461 631 502 668 in
526 630 620 680 ipsis
645 630 873 669 domesticis
900 630 1081 680 negotiis,
1102 631 1142 669 in
1172 631 1316 681 quibus
1344 646 1416 682 ego
1443 647 1534 672 cum

200 704 316 734 antea
343 704 426 734 tum
454 709 546 734 vero
570 704 660 746 post
687 695 907 734 discessum
936 695 1061 734 fratris
1091 703 1130 734 te
1156 709 1439 747 sermonesque
1467 711 1535 736 no-

203 769 301 800 stros
333 761 544 800 desidero?
601 763 807 799 Postremo
839 774 921 798 non
952 761 1064 799 labor
1094 774 1220 809 meus,
1249 775 1331 800 non
1365 761 1531 812 requies,

203 840 285 865 non
306 826 518 877 negotium,
535 839 616 864 non
637 826 776 873 otium,
790 839 871 863 non
891 827 1065 864 forenses
1087 839 1157 873 τες,
1176 840 1257 864 non
1278 826 1532 874 domesticae,
1556 841 1597 864 10

203 906 277 929 mm
307 892 493 941 publicae,
527 905 609 929 non
643 891 814 941 privatae
853 904 983 929 carere
1021 890 1168 929 diutius
1200 899 1269 930 tuo
1303 891 1535 930 suavissimo

202 965 322 1006 atque
349 956 621 995 amantissimo
651 955 816 994 consilio
845 969 891 993 ac
920 969 1102 994 sermone
1131 963 1306 1006 possunt.

158 1033 181 1071 7
257 1024 390 1071 Atque
409 1023 547 1059 harum
569 1035 697 1059 rerum
719 1020 1140 1059 commemorationem
1160 1021 1398 1059 verecundia
1419 1034 1535 1072 saepe

200 1086 406 1137 impedivit
426 1086 629 1136 utriusque
650 1093 828 1124 nostrum
843 1100 853 1133 3
882 1099 988 1123 nunc
1009 1093 1142 1124 autem
1159 1099 1204 1124 ea
1224 1085 1296 1123 fuit
1316 1085 1535 1124 necessaria

200 1160 359 1202 propter
388 1165 475 1190 eam
505 1159 656 1202 partem
684 1151 874 1201 epistulae
898 1158 999 1198 tuae,
1022 1164 1091 1201 per
1116 1164 1235 1200 quam
1264 1158 1301 1189 te
1330 1164 1376 1189 ac
1406 1164 1533 1189 mores
1560 1166 1566 1188 ι
1576 1166 1593 1198 5

201 1225 290 1255 tuos
312 1216 407 1255 mihi
428 1224 611 1266 purgatos
632 1229 678 1254 ac
699 1216 885 1266 probatos
913 1229 998 1254 esse
1019 1215 1186 1254 voluisti.
1247 1217 1380 1265 Atque
1401 1215 1440 1253 in
1462 1215 1535 1254 ista

201 1281 529 1320 incommoditate
562 1280 721 1319 alienati
759 1280 861 1318 illius
900 1280 1022 1318 animi
1056 1288 1095 1319 et
1129 1280 1269 1319 offensi
1303 1280 1401 1318 illud
1434 1280 1535 1319 inest

202 1355 334 1385 tamen
364 1345 576 1392 commodi,
601 1347 709 1396 quod
739 1353 778 1384 et
807 1345 904 1383 mihi
933 1353 972 1384 et
1001 1345 1139 1383 ceteris
1169 1345 1306 1383 amicis
1336 1345 1412 1383 'tuis
1442 1353 1536 1384 nota

201 1413 273 1452 fuit
301 1421 338 1451 et
365 1413 435 1451 abs
463 1420 500 1451 te
530 1412 733 1462 aliquanto
761 1419 853 1450 ante
883 1411 1089 1449 testificata
1117 1418 1185 1450 tua
1214 1412 1394 1450 voluntas
1425 1411 1536 1449 omit-

202 1479 346 1517 tendae
376 1477 610 1528 provinciae,
634 1485 676 1515 ut
704 1478 812 1527 quod
840 1490 919 1515 una
945 1490 1026 1515 non
1056 1476 1148 1515 estis
1178 1490 1259 1515 non
1289 1476 1535 1515 dissensione
1557 1491 1596 1512 20

202 1556 249 1581 ac
269 1543 437 1582 discidio
458 1550 586 1581 vestro
614 1544 684 1581 sed
709 1544 910 1580 voluntate
936 1555 982 1580 ac
1007 1541 1155 1580 iudicio
1182 1549 1251 1580 tuo
1275 1543 1422 1579 factum
1450 1555 1535 1580 esse

201 1608 388 1646 videatur.
450 1609 540 1656 Qua
567 1621 606 1645 re
627 1614 665 1645 et
692 1606 756 1644 illa
783 1620 885 1655 quae
908 1605 1052 1643 violata
1078 1604 1348 1655 expiabuntur,
1373 1613 1411 1643 et
1438 1607 1536 1644 haec

202 1680 336 1711 nostra
365 1685 466 1722 quae
498 1679 588 1710 sunt
621 1670 866 1709 sanctissime
897 1677 1127 1708 conservata
1161 1683 1272 1708 suam
1307 1669 1536 1720 religionem

205 1737 453 1777 obtinebunt.

164 1806 189 1844 8
261 1805 345 1841 Nos
380 1802 443 1840 hic
478 1801 517 1839 in
551 1815 591 1840 re
630 1800 789 1851 publica
822 1799 976 1838 infirma
1010 1799 1151 1838 misera
1183 1799 1536 1849 commutabilique
1558 1815 1594 1846 25

204 1880 413 1906 versamur.
474 1867 606 1905 Credo
641 1865 744 1904 enim
779 1873 816 1903 te
847 1864 1004 1903 audisse
1038 1872 1192 1902 nostros
1227 1864 1378 1914 equites
1410 1878 1536 1914 paene

203 1946 227 1971 a
256 1939 394 1970 senatu
424 1944 509 1969 esse
539 1930 761 1976 diiunctos;
802 1929 868 1978 qui
899 1929 1070 1979 primum
1104 1928 1200 1967 illud
1225 1930 1338 1967 valde
1372 1928 1537 1978 graviter

205 1999 390 2043 tulerunt,
411 1997 701 2046 promulgatum
732 2008 778 2032 ex
806 2002 963 2032 senatus
991 1995 1172 2032 consulto
1197 1993 1316 2032 fuisse
1341 2001 1382 2032 ut
1407 1995 1456 2031 de
1481 1993 1536 2032 eis

205 2062 273 2113 qui
307 2063 359 2100 ob
393 2061 650 2099 iudicandum
691 2059 934 2109 accepissent
969 2066 1228 2108 quaereretur.
1300 2061 1391 2108 Qua
1422 2058 1462 2096 in
1497 2072 1536 2097 re

205 2127 456 2167 decernenda
483 2139 572 2163 cum
602 2138 674 2174 ego
702 2138 793 2162 casu
822 2137 901 2161 non
932 2123 1144 2161 adfuissem
1176 2122 1466 2172 sensissemque
1496 2121 1536 2161 id
1556 2135 1597 2166 30

206 2199 428 2243 equestrem
456 2190 636 2229 ordinem
666 2191 763 2228 ferre
793 2190 957 2227 moleste
987 2202 1116 2238 neque
1146 2196 1278 2238 aperte
1306 2188 1447 2235 dicere,
1471 2188 1537 2226 ob-

250 2308 268 2336 4
294 2296 472 2336 publicane
489 2295 535 2325 Z:
570 2295 702 2334 publica
728 2293 801 2329 ΣΜ,
820 2293 900 2331 sinst.
922 2296 995 2323 rrcle
1113 2303 1129 2331 7
1157 2293 1189 2322 in
1207 2292 1281 2324 add.
1302 2296 1371 2324 vett.
1501 2301 1535 2321 11

207 2352 273 2371 non
297 2340 448 2379 publicae
470 2338 543 2368 add.
568 2342 636 2368 vest.
790 2347 828 2375 19
852 2337 1024 2375 aliquanto
1046 2335 1089 2366 C:
1124 2335 1307 2375 aliquando
1333 2335 1373 2365 M
1458 2340 1536 2366 ante

209 2384 324 2415 CHN:
359 2394 423 2414 om.
448 2382 537 2413 ceteri
550 2381 637 2412 codd.
772 2390 814 2419 29
838 2383 910 2410 mitt·
926 2380 1140 2419 accepissent
1157 2379 1231 2410 add.
1252 2380 1430 2420 pecuniam
1445 2378 1467 2409 I
