1817 2832
523 140 635 178 EPP.
667 139 746 176 AD
775 136 1035 176 ATTICVM
1428 131 1499 168 VI.
1522 130 1552 167 ii

215 250 436 302 Cupiebam
475 249 592 288 etiam
631 262 737 287 nunc
774 249 885 298 plura
921 246 1061 297 garrire
1095 245 1165 284 sed
1202 245 1331 291 lucet3
1378 249 1487 292 urget

161 317 284 362 turba,
308 315 465 353 festinat
496 314 741 363 Philogenes.
800 311 961 350 Valebis
991 310 1105 360 igitur
1133 317 1171 348 et
1194 310 1322 347 valere
1349 307 1487 346 Piliam

161 388 199 420 et
238 380 453 420 Caeciliam
492 387 665 418 nostram
704 376 858 417 iubebis
897 375 1032 414 litteris
1072 382 1109 413 et
1148 373 1314 412 salvebis
1345 386 1368 411 a
1399 385 1488 410 meo

162 445 365 485 Cicerone.

125 577 142 607 5
206 567 281 602 III
339 568 409 601 Ser.
427 569 462 600 in
482 568 590 601 Cilicia
608 580 654 601 m.
672 568 747 600 Iun.
768 572 841 599 aule
856 579 876 600 v
891 568 934 599 K.
956 567 1070 608 Quint.
1089 578 1119 598 a.
1142 577 1204 607 704
1223 566 1310 608 (50).

575 644 749 676 CICERO
772 644 947 676 ATTICO
973 643 1071 675 SAL.

221 722 305 761 Etsi
335 722 389 761 nil
419 736 512 761 sane
541 722 739 760 habebam
766 721 858 760 novi
888 721 996 771 quod
1025 726 1114 770 post
1138 718 1346 758 accidisset
1372 730 1491 768 quam
1511 724 1527 750 1

167 788 366 826 dedissem
395 789 446 825 ad
476 795 514 825 te
545 785 750 836 Philogeni
782 785 921 824 liberto
951 792 1020 823 tuo
1051 784 1210 831 litteras,
1240 792 1372 821 tamen
1402 795 1493 820 cum

172 852 426 890 Philotimum
456 854 627 890 Romam
654 850 902 897 remitterem,
927 850 1180 888 scribendum
1204 847 1353 898 aliquid
1379 848 1430 885 ad
1456 854 1494 884 te

111 930 150 952 ιο
170 916 250 954 fuit.
325 919 384 954 Ac
419 916 588 966 primum
620 916 716 954 illud
751 916 859 965 quod
893 928 956 953 me
990 913 1158 952 maxime
1189 912 1495 962 angebat—non

169 994 250 1030 quo
282 994 345 1018 me
374 980 524 1030 aliquid
554 980 684 1017 iuvare
714 993 873 1029 posses:
917 978 1090 1029 quippe3
1131 990 1191 1015 res
1226 976 1331 1014 enim
1366 983 1424 1014 est
1455 975 1495 1013 in

171 1045 364 1093 manibus,
388 1053 429 1083 tu
449 1052 582 1083 autem
601 1045 695 1083 abes
716 1046 832 1093 longe
852 1043 1028 1094 gentium
1042 1057 1054 1090 3

704 1111 833 1148 πολλὰ
861 1108 890 1147 δ’
918 1112 958 1147 ἐν
984 1108 1189 1159 μεταιχμίῳ

440 1176 544 1216 νότος
573 1175 731 1214 κυλίνδει
759 1173 888 1225 κύματ’
920 1175 1057 1225 εὐρείης
1086 1172 1244 1213 ἁλός.-

116 1254 152 1286 15
174 1241 328 1291 obrepit
357 1240 453 1289 dies,
484 1249 526 1279 ut
555 1240 664 1279 vides
695 1240 809 1292 (mihi
838 1239 944 1279 enim
972 1253 1005 1278 a.
1029 1240 1066 1277 d.
1099 1250 1145 1276 111
1176 1238 1265 1276 Kal.
1293 1235 1422 1276 Sextil.
1449 1235 1500 1273 de

175 1306 376 1356 provincia
405 1307 683 1344 decedendum
711 1305 797 1355 est),
829 1318 903 1343 nec
934 1303 1167 1342 succeditur.
1229 1303 1361 1350 Quem
1390 1299 1500 1338 relin-

174 1384 294 1420 quam
333 1370 400 1419 qui
438 1369 662 1419 provinciae
701 1368 872 1419 praesit?
935 1368 1053 1406 Ratio
1092 1366 1254 1416 quidem
1289 1372 1326 1403 et
1365 1363 1501 1414 opinio

175 1435 383 1473 hominurn
404 1436 576 1484 postulat
596 1435 761 1479 fratrem,
778 1433 947 1484 primum
964 1433 1073 1482 quod
1086 1431 1239 1469 videtur
1255 1443 1339 1468 esse
1359 1430 1498 1475 honos,

176 1513 294 1539 nemo
315 1500 429 1549 igitur
455 1500 584 1549 potior
597 1515 607 1548 ,-
637 1498 781 1538 deinde
808 1499 917 1548 quod
938 1499 1065 1536 solum
1095 1496 1224 1534 habeo
1250 1493 1499 1544 praetorium.

119 1577 159 1599 20
178 1565 412 1614 Pomptinus
433 1565 537 1603 enim
561 1578 607 1603 ex
626 1571 743 1614 pacto
764 1571 802 1602 et
823 1570 1019 1601 convento
1040 1562 1149 1612 (nam
1171 1574 1217 1599 ea
1236 1561 1321 1610 lege
1342 1557 1501 1607 exierat)

177 1630 254 1668 iam
288 1644 311 1668 a
349 1644 413 1669 me
446 1629 701 1676 discesserat3
744 1636 992 1678 quaestorem
1023 1640 1142 1665 nemo
1175 1625 1339 1675 dignum
1368 1629 1505 1674 putat3

178 1694 324 1733 etenim
362 1702 421 1733 est
462 1693 589 1741 ‘levis,
629 1692 875 1739 libidinosus,
911 1692 1048 1741 tagax.'
1119 1692 1181 1728 De
1219 1690 1334 1727 fratre
1371 1693 1546 1725 autem2

179 1759 349 1809 primum
378 1759 475 1798 illud
504 1766 586 1798 est:
624 1757 850 1809 persuaderi
877 1756 913 1796 ei
942 1770 1023 1795 non
1052 1768 1168 1806 posse
1197 1754 1386 1801 arbitror;
1421 1752 1505 1791 odit

181 1824 286 1862 enim
313 1823 566 1873 provinciam,
589 1831 628 1862 et
654 1824 812 1861 hercule
832 1821 929 1860 nihil
957 1820 1143 1867 odiosius,
1166 1819 1263 1857 nihil
1289 1817 1502 1856 molestius.

123 1899 161 1931 25
184 1888 340 1927 Deinde
367 1896 409 1926 ut
436 1888 531 1926 mihi
558 1887 656 1926 nolit
680 1900 831 1936 negare,
855 1886 1045 1936 quidnam
1072 1884 1150 1923 mei
1179 1883 1227 1922 sit
1254 1882 1387 1922 offici?
1416 1894 1507 1919 cum

182 1955 330 1992 bellum
351 1966 436 1991 esse
466 1952 506 1990 in
527 1952 635 2002 Syria
663 1964 851 2000 magnum
877 1957 1046 2000 putetur,
1069 1949 1110 1988 id
1129 1948 1307 1987 videatur
1335 1946 1375 1984 in
1404 1947 1508 1984 hanc

182 2017 424 2068 provinciam
441 2024 679 2066 erupturum,
694 2016 759 2054 hic
778 2014 948 2065 praesidi
964 2014 1061 2052 nihil
1082 2013 1141 2061 sit,
1157 2020 1337 2063 sumptus
1352 2023 1508 2049 annuus

183 2084 363 2122 decretus
409 2081 468 2128 sit,
508 2080 736 2119 videaturne
774 2087 841 2118 aut
886 2079 1040 2129 pietatis
1079 2091 1165 2116 esse
1203 2090 1315 2116 meae
1352 2077 1508 2113 fratrem

184 2147 402 2196 relinquere
448 2152 516 2183 aut
560 2144 783 2194 diligentiae
827 2156 1019 2193 nugarum
1065 2141 1215 2191 aliquid
1262 2140 1510 2190 relinquere?

128 2222 167 2252 30
187 2213 334 2261 Magna
363 2210 488 2259 igitur,
510 2216 552 2247 ut
577 2208 698 2255 vides,
721 2206 985 2246 sollicitudine
1013 2206 1186 2253 adficior,
1209 2218 1351 2255 magna
1377 2202 1510 2253 inopia

234 2323 270 2353 15
295 2314 429 2353 obrepit
446 2312 591 2343 Ernesti:
616 2310 767 2350 obrepsit
784 2308 826 2340 M
920 2320 962 2340 20
985 2314 1154 2340 convento
1173 2307 1291 2338 Lamb.
1310 2319 1318 2338 z
1343 2311 1510 2338 conventu

185 2357 227 2388 M
356 2368 397 2387 22
422 2356 621 2386 libidinosus
641 2353 824 2396 (vinosus)
844 2358 947 2392 tagax
967 2352 1111 2392 Palmer,
1132 2355 1169 2382 ut
1188 2362 1227 2382 ex
1241 2355 1336 2392 pocta
1468 2359 1511 2390 29

182 2402 276 2442 prius
294 2401 485 2440 relinquere
501 2399 570 2432 secl.
591 2399 685 2430 Man.
