1817 2832
191 143 284 180 VII.
307 145 387 179 xv‘
655 143 711 179 M.
743 141 912 178 TVLLI
943 140 1251 179 CICERONIS

241 650 265 687 3

243 1751 260 1777 1

285 267 386 303 opus
406 260 475 300 est,
494 252 533 290 in
555 251 727 290 Siciliam
749 251 802 289 ire
823 265 904 290 non
925 259 1033 290 curat
1048 266 1058 299 3
1087 253 1196 301 quod
1218 259 1352 291 metuo
1372 266 1422 291 ne
1443 253 1557 301 obsit,
1576 253 1616 292 in

285 326 424 356 senatu
455 331 540 355 esse
571 318 663 354 vult.
724 316 950 355 Postumius
989 323 1135 364 autem,
1173 318 1223 355 de
1262 330 1342 367 quo
1380 318 1616 357 nominatim

284 390 443 422 senatus
470 382 644 421 decrevit
667 389 709 420 ut
730 381 860 420 statim
888 381 927 419 in
949 381 1120 420 Siciliam
1146 381 1216 420 iret
1242 382 1507 432 Furfanioque
1534 397 1618 422 suc-

284 449 452 494 cederet,
486 455 602 496 negat
636 460 678 485 se
712 446 796 485 sine
827 448 982 486 Catone
1013 446 1157 484 iturum
1189 454 1228 485 et
1261 460 1373 485 suam
1408 447 1447 485 in
1479 456 1617 486 senatu

285 526 445 562 operam
471 511 825 562 auctoritatemque
848 525 967 562 quam
989 511 1120 561 magni
1146 511 1338 551 aestimat.
1399 514 1460 550 Ita
1486 526 1546 551 res
1566 514 1617 552 ad
1637 522 1654 554 5

286 577 480 615 Fannium
502 576 691 627 pervenit.
742 578 782 615 Is
802 590 893 615 cum
914 576 1078 626 imperio
1095 576 1134 614 in
1152 576 1324 615 Siciliam
1345 577 1615 626 praemittitur.

286 643 334 680 In
366 642 701 692 disputationibus
736 642 878 681 nostris
912 655 1068 681 summa
1098 641 1262 680 varietas
1294 649 1363 680 est.
1435 642 1618 693 Plerique

284 715 429 757 negant
464 708 674 747 Caesarem
714 706 754 745 in
797 706 1034 745 condicione
1073 720 1302 745 mansurum
1340 709 1617 758 postulataque

284 773 383 810 haec
402 773 453 811 ab
475 786 524 811 eo
553 771 783 821 interposita
803 785 888 810 esse
905 785 985 821 quo
1015 771 1146 809 minus
1173 773 1283 821 quod
1310 785 1411 821 opus
1437 780 1539 810 esset
1565 774 1616 811 ad

283 837 433 876 bellurn
453 852 476 876 a
496 837 612 876 nobis
641 845 848 887 pararetur.
910 838 995 886 Ego
1021 844 1153 875 autem
1180 850 1272 875 eum
1299 844 1396 887 puto
1423 838 1616 876 facturum
1638 851 1676 874 10

284 910 327 941 ut
356 902 549 953 praesidia
578 903 760 941 deducat.
820 901 968 940 Vicerit
997 901 1114 948 enim,
1145 901 1177 939 si
1211 903 1349 939 consul
1378 902 1502 939 factus
1532 902 1614 950 erit,

283 975 322 1007 et
361 968 513 1006 minore
551 969 697 1006 scelere
727 966 863 1005 vicerit
900 980 1019 1016 quam
1058 979 1137 1016 quo
1175 966 1370 1016 ingressus
1409 974 1478 1005 est.
1537 968 1616 1006 Sed

283 1032 516 1083 accipienda
542 1034 655 1082 plaga
675 1039 744 1070 est.
804 1033 948 1070 Sumus
973 1031 1080 1069 enim
1108 1030 1298 1081 flagitiose
1321 1031 1500 1081 imparati
1524 1045 1616 1071 cum

283 1111 306 1135 a
326 1097 515 1135 militibus
536 1104 618 1134 turn
640 1110 664 1134 a
683 1095 876 1146 pecunia3
906 1109 1023 1145 quarn
1041 1095 1202 1144 quidem
1219 1108 1380 1133 omnem
1396 1109 1478 1134 non
1494 1097 1616 1134 modo

283 1162 472 1213 privatam
512 1175 613 1212 quae
651 1163 691 1199 in
730 1162 828 1200 urbe
864 1168 923 1199 est
954 1162 1024 1199 sed
1055 1160 1173 1198 etiam
1207 1160 1406 1210 publicam
1438 1173 1540 1210 quae
1574 1160 1613 1198 in
1637 1175 1673 1208 15

281 1227 430 1266 aerario
450 1234 509 1266 est
535 1227 590 1265 illi
616 1226 858 1276 reliquimus.
913 1225 1126 1275 Pompeius
1145 1227 1197 1263 ad
1218 1225 1392 1275 legiones
1412 1225 1614 1275 Appianas

282 1300 339 1331 est
359 1294 558 1343 profectus
573 1307 584 1340 3
614 1291 836 1330 Labienum
856 1304 992 1329 secum
1013 1291 1145 1329 habet.
1194 1291 1280 1339 Ego
1301 1298 1386 1328 tuas
1407 1290 1615 1340 opiniones

281 1359 332 1396 de
370 1358 430 1396 his
469 1358 586 1396 rebus
626 1363 822 1407 exspecto.
883 1355 1059 1394 Formias
1099 1368 1163 1394 me
1207 1354 1399 1394 continuo
1442 1355 1614 1407 recipere

281 1423 515 1474 cogitabam.

323 1558 435 1593 XVI
610 1560 683 1593 Ser.
702 1559 835 1591 Calibus
850 1560 888 1590 iii
899 1559 942 1591 K.
962 1559 1053 1591 Febr.
1072 1570 1102 1590 a.
1125 1569 1181 1600 705
1199 1560 1282 1601 (49).
1634 1569 1675 1591 20

695 1649 873 1680 CICERO
897 1648 1071 1679 ATTICO
1097 1648 1194 1679 SAL.

333 1739 475 1780 Omnis
499 1738 665 1778 arbitror
685 1737 781 1776 mihi
803 1745 889 1776 tuas
910 1737 1056 1776 litteras
1077 1736 1249 1776 redditas
1270 1750 1356 1775 esse
1377 1738 1446 1776 sed
1467 1735 1611 1787 primas

278 1813 537 1856 praepostere,
560 1804 729 1854 reliquas
751 1802 888 1842 ordine
909 1816 990 1853 quo
1010 1810 1100 1841 sunt
1122 1801 1262 1840 missae
1283 1815 1351 1852 per
1370 1803 1611 1841 Terentiam.

281 1871 342 1909 De
381 1869 576 1908 mandatis
616 1868 794 1908 Caesaris
838 1869 1091 1917 adventuque
1131 1866 1297 1906 Labieni
1337 1874 1375 1905 et
1413 1868 1610 1917 responsis

278 1937 486 1974 consulum
503 1948 548 1972 ac
571 1933 735 1984 Pompei
758 1933 893 1983 scripsi
914 1934 965 1971 ad
982 1940 1019 1971 te
1041 1931 1175 1971 litteris
1197 1932 1242 1970 iis
1263 1945 1359 1982 quas
1375 1946 1407 1970 a.
1424 1933 1461 1971 d.
1478 1945 1502 1970 v
1522 1935 1608 1972 Kal.
1633 1944 1669 1976 25

281 2001 419 2050 Capua
447 1999 540 2038 dedi
576 2000 764 2049 pluraque
794 2006 994 2048 praeterea
1022 1997 1062 2035 in
1090 1998 1258 2036 eandem
1286 1996 1494 2047 epistulam
1521 2011 1612 2037 con-

238 2077 263 2105 2
282 2065 365 2104 ieci.
425 2066 542 2103 Nunc
572 2066 642 2103 has
672 2063 984 2113 exspectationes
1013 2063 1206 2100 habemus
1232 2063 1344 2109 duas,
1366 2075 1484 2100 unam
1515 2062 1613 2112 quid

282 2132 426 2170 Caesar
445 2138 601 2169 acturus
623 2129 671 2168 sit
691 2143 782 2167 cum
802 2128 997 2178 acceperit
1017 2141 1064 2165 ea
1083 2140 1185 2176 quae
1205 2128 1408 2165 referenda
1427 2128 1479 2165 ad
1500 2127 1610 2165 illum

278 2197 369 2234 data
399 2204 489 2233 sunt
521 2196 563 2234 L.
596 2194 768 2241 Caesari,
797 2195 958 2231 alteram
985 2192 1085 2242 quid
1113 2191 1326 2240 Pompeius
1355 2199 1454 2241 agat.
1528 2191 1608 2241 Qui

277 2261 438 2312 quidem
469 2262 520 2299 ad
547 2274 611 2298 me
640 2259 773 2298 scribit
803 2257 937 2309 paucis
968 2257 1107 2296 diebus
1138 2270 1179 2294 se
1208 2257 1364 2293 firmum
1394 2256 1606 2294 exercitum
1626 2269 1667 2300 30

320 2373 339 2403 5
364 2374 463 2403 quam
489 2374 555 2393 non
582 2361 833 2397 sollicitandum,
862 2361 899 2399 cf.
927 2361 993 2391 xiv.
1020 2370 1050 2399 9.
1073 2369 1091 2389 2
1247 2368 1285 2388 12
1309 2358 1390 2398 quo]
1410 2359 1498 2397 quod
1524 2357 1610 2388 Reid

280 2409 319 2438 16
345 2408 519 2446 Appianas
539 2407 668 2447 Lipsius
684 2406 750 2436 coll.
770 2405 857 2435 Plut.
878 2403 996 2444 Pomp.
1014 2413 1074 2443 57:
1099 2403 1237 2433 acianas
1254 2400 1308 2431 Ml
1325 2412 1332 2432 :
1357 2402 1507 2432 actianas
1525 2400 1604 2432 M'2:

276 2451 435 2482 Attianas
459 2451 546 2490 vulg.
