1790 2837
681 149 1003 189 PRAEFATIO

335 260 406 295 hoc
435 260 583 305 plenum
609 270 702 304 opus
736 260 839 293 aleae
877 258 1027 293 vixdum
1053 265 1194 294 certum
1227 259 1342 295 videri
1378 259 1505 306 possit,

337 318 468 352 melius
495 317 561 352 erit
580 317 648 351 has
667 324 819 352 cunctas
845 316 1106 352 adnotationes
1132 317 1168 352 in
1195 319 1405 363 praesentia
1422 330 1505 363 pro-

337 377 476 411 miscue
499 375 567 410 M2
584 387 729 411 vocare.
778 377 827 410 Vt
853 383 908 410 est
934 376 1051 410 codex
1075 376 1304 421 conscriptus
1331 388 1353 412 a
1377 377 1506 412 scribis

337 435 507 476 indoctis,
528 434 710 469 erroribus
737 434 862 469 multis
881 434 1178 479 transcriptionis
1195 441 1231 470 et
1251 436 1507 480 neglegentiae

338 499 453 528 scatet
472 493 537 527 sed
555 493 674 527 nullas
692 493 749 528 vel
773 504 976 537 perpaucas
995 492 1231 527 correctionis
1248 494 1508 538 temptationes

337 562 535 596 perpessus
558 558 624 586 est.
677 552 807 596 Itaque
824 549 887 584 M¹
907 550 1104 595 plurimum
1123 549 1265 586 valetlz
1295 552 1361 586 sed
1380 563 1444 597 per
1470 564 1508 587 se

337 610 460 655 ipsum
478 609 650 644 omnibus
669 609 749 644 aliis
768 621 841 644 non
860 615 1045 654 praestat;
1071 616 1177 644 tanta
1193 610 1293 644 enirn
1311 616 1364 644 est
1383 610 1509 654 negle-

337 668 462 713 gentia
490 667 694 702 scribarum
721 675 758 702 ut
789 668 938 702 codices
964 680 1006 702 ex
1033 672 1056 700 Σ
1083 667 1293 702 necessario
1319 668 1366 702 ad
1397 668 1510 703 corri-

337 727 479 771 gendas
506 727 730 771 corruptelas
757 732 792 760 et
819 727 971 760 lacunas
997 727 1132 760 'multas
1160 726 1386 770 supplendas
1404 726 1510 761 adhi-

338 785 451 819 bendi
471 784 555 819 sint.
576 785 745 819 Lacunas
773 784 810 818 in
834 785 883 818 M
898 791 937 818 ut
955 784 1014 818 xii.
1036 794 1088 818 12.
1111 794 1150 828 13
1177 783 1248 818 xiii.
1268 794 1298 827 3.
1321 795 1333 819 1
1354 795 1362 828 3
1388 785 1460 819 xiii.
1479 794 1510 829 9.

343 852 355 878 1
378 854 422 878 ex
441 843 586 877 usitatis
605 842 728 877 causis
746 842 830 877 oriri
850 848 951 886 patet
970 853 1089 887 neque
1107 854 1151 877 ex
1170 841 1456 887 interpolatione
1474 843 1511 877 in

339 906 362 934 Σ
377 900 390 919 ²
407 901 567 936 intrusas
586 912 668 935 esse
686 901 893 946 putandum
912 906 978 935 est.

182 972 200 994 s
216 975 249 987 =
267 960 382 994 codex
400 959 561 994 Vrbinas
580 959 615 993 in
634 959 859 994 bibliotheca
877 959 1061 993 Vaticana
1087 968 1154 1003 322
1179 960 1290 996 saecl.
1307 972 1362 994 xv.
1414 961 1512 995 Con-

339 1017 431 1052 tinet
457 1018 553 1062 Epp.
572 1017 619 1051 ad
647 1018 749 1051 Brut.
768 1016 790 1060 i,
811 1017 855 1060 Q.
877 1018 950 1060 Fr„
971 1017 1067 1059 Oct.‚
1088 1018 1163 1052 Att.
1215 1017 1431 1053 Simillimus
1460 1025 1513 1053 est

342 1076 513 1111 Mediceo
544 1074 635 1120 (Μ),
667 1076 733 1110 sed
768 1087 841 1109 non
873 1086 916 1109 ex
945 1086 989 1110 eo
1026 1081 1127 1109 ortus
1161 1082 1217 1110 est
1250 1087 1333 1110 cum
1368 1083 1514 1121 praeter

341 1141 463 1168 cetera
488 1134 558 1169 loci
585 1133 606 1167 i.
629 1134 679 1169 18.
702 1143 801 1177 1—19.
828 1143 865 1168 11
896 1139 932 1167 et
958 1132 1028 1168 xvi.
1058 1134 1109 1167 16.
1132 1134 1222 1168 8—18
1250 1133 1286 1168 in
1312 1135 1365 1168 M
1385 1134 1511 1169 omissi

340 1193 375 1226 in
409 1205 427 1226 s
459 1204 534 1226 non
565 1198 738 1227 careant:
786 1191 910 1236 itaque
944 1197 971 1224 Δ
999 1191 1266 1226 adscribendus
1297 1193 1352 1226 sui
1387 1198 1510 1227 tamen

341 1249 429 1284 iuris
454 1256 520 1285 est.

184 1309 270 1343 Ber.
288 1323 321 1335 =
338 1309 453 1343 codex
479 1308 729 1343 Berolinensis
756 1307 843 1342 olim
870 1308 906 1342 in
933 1307 1156 1342 bibliotheca
1184 1309 1466 1343 Hamiltoniana
1493 1321 1514 1343 a

343 1367 482 1411 Poggio
501 1378 600 1401 anno
623 1368 711 1410 1408
731 1366 949 1410 descriptus.
986 1367 1069 1411 Quo
1084 1365 1233 1401 nomine
1248 1366 1292 1401 sit
1308 1367 1513 1411 habendus,

340 1432 472 1468 utrum,
499 1432 537 1460 ut
567 1432 672 1470 putat
701 1425 883 1468 Schmidt,
913 1424 948 1458 in
976 1430 1002 1457 Δ
1029 1424 1075 1459 sit
1105 1425 1299 1470 ponendus
1328 1432 1366 1460 ut
1394 1437 1437 1460 ex
1467 1427 1517 1460 M

340 1489 536 1528 postquam
553 1483 748 1518 Coluccius
761 1494 846 1518 eum
859 1482 1026 1518 codicem
1039 1490 1246 1518 correxerat
1261 1484 1513 1529 transcriptus,

342 1553 401 1582 an,
429 1548 467 1576 ut
500 1542 739 1576 Lehmannus
774 1540 974 1583 contendit,
1006 1541 1051 1576 de
1085 1552 1130 1575 eo
1163 1542 1304 1576 nullum
1339 1542 1513 1577 iudicium

341 1600 463 1633 adhuc
483 1599 559 1634 fieri
579 1599 705 1644 possit,
723 1599 832 1634 valde
851 1598 1015 1633 dubium.
1059 1599 1186 1634 Codex
1205 1600 1303 1634 haud
1324 1600 1513 1636 dissimilis

341 1664 397 1692 est
421 1657 645 1692 Harleianus
665 1666 768 1702 2491.

240 1745 299 1781 Ex
338 1744 524 1782 codicum
555 1746 776 1784 ENHOP
803 1751 870 1782 aut
904 1746 1030 1783 EOR
1062 1752 1129 1782 aut
1166 1746 1285 1784 ORP
1317 1759 1513 1785 consensu

188 1811 394 1847 Lehmann
417 1823 518 1859 quae
539 1809 653 1848 suerit
674 1809 790 1848 lectio
811 1809 960 1848 codicis
982 1811 1010 1851 Σ
1032 1809 1172 1860 dispici
1198 1817 1334 1860 putat;
1363 1819 1401 1849 et
1422 1811 1514 1850 inde

185 1888 372 1924 apparere
393 1877 422 1916 Σ
443 1874 502 1912 sui
524 1874 616 1913 iuris
638 1888 723 1914 esse
744 1888 874 1925 neque
895 1888 942 1913 ex
962 1879 995 1913 Δ
1017 1874 1087 1925 (sc.
1109 1877 1241 1914 Mvel
1261 1876 1297 1928 s)
1317 1877 1516 1926 pendere,

187 1941 295 1990 quod
316 1954 450 1978 verum
472 1954 557 1979 esse
577 1940 709 1979 videre
730 1940 872 1991 poterit
902 1940 934 1978 si
954 1940 1041 1990 quis
1069 1940 1249 1990 inspiciet
1269 1942 1387 1980 verba
1413 1955 1514 1991 quae

187 2006 225 2043 in
248 2010 280 2043 Δ
302 2005 447 2044 omissa
468 2005 627 2044 inventa
654 2014 745 2045 sunt
765 2006 804 2044 in
826 2007 866 2053 Σ,
889 2008 996 2045 velut
1016 2006 1038 2045 i.
1062 2020 1096 2054 4.
1122 2020 1169 2056 33
1203 2019 1260 2055 17.
1286 2018 1304 2056 7
1326 2022 1333 2046 :
1364 2007 1400 2045 ii.
1421 2022 1449 2045 1.
1471 2022 1484 2045 1
1507 2024 1514 2047 :

188 2110 294 2148 Brizse
317 2109 439 2140 Ciceros
465 2120 508 2141 cm
537 2110 676 2144 Atticus,
708 2110 746 2149 Q.
769 2110 881 2150 Cicero,
908 2111 955 2142 M.
982 2110 1109 2141 Brutus
1134 2111 1167 2141 in
1191 2110 1306 2141 Italien
1332 2121 1374 2141 ex
1397 2111 1460 2142 vol.
1481 2121 1512 2142 x.

191 2153 483 2192 ‘Abhandlungen
524 2154 586 2184 der
619 2154 1088 2193 philologiscli—liistorischcn
1128 2155 1248 2186 Classe
1286 2155 1348 2186 der
1380 2155 1515 2194 Konigl.

190 2197 417 2228 Sachsischen
437 2197 666 2228 Gesellschast
683 2198 745 2228 der
762 2197 1081 2229 wissenschaften)

234 2241 240 2257 ¹
267 2240 352 2270 Cum
373 2240 498 2271 nullius
516 2242 643 2271 codicis
663 2241 725 2271 nisi
744 2241 784 2271 M
798 2242 1022 2272 conlationem
1040 2242 1172 2282 plenam
1193 2242 1302 2272 adhuc
1320 2242 1513 2282 habeamus,

189 2284 277 2322 quod
303 2285 419 2320 sciam,
446 2285 647 2324 ubicumque
675 2286 777 2316 verba
808 2290 969 2325 corrupta
998 2286 1029 2315 in
1060 2290 1153 2316 textu
1179 2285 1400 2325 relinquenda
1425 2289 1512 2325 sunt,

189 2327 367 2357 lectionem
386 2327 530 2359 stldedi.

234 2370 245 2387 ²
271 2370 356 2400 Vide
375 2381 509 2411 quoque
533 2381 620 2411 quae
645 2371 803 2413 exempla
828 2372 914 2404 infra
931 2378 1095 2413 congesta
1119 2376 1196 2404 sunt
1219 2373 1340 2413 quibus
1357 2375 1380 2404 Σ
1397 2371 1516 2403 melior

191 2418 241 2444 est
257 2424 356 2454 quam
375 2419 412 2446 Δ.
