1817 2832
167 102 285 141 VIII.
303 103 348 140 iii
660 102 716 140 M.
749 101 917 139 TVLLI
949 95 1256 139 CICERONIS

288 221 418 265 potest
445 213 537 260 fieri,
561 213 670 263 quod
697 213 739 250 fit
764 211 803 249 in
834 210 967 249 multis
996 209 1304 261 quaestionibus,
1331 216 1374 248 ut
1402 223 1462 249 res
1488 210 1623 249 verbo-

290 280 368 318 sior
394 281 491 317 haec
518 277 646 325 fuerit,
666 276 732 315 illa
754 276 889 315 verior.
950 278 1082 326 Quam
1113 276 1165 314 ob
1195 289 1278 314 rem
1307 283 1349 313 ut
1376 275 1546 314 maxima
1572 277 1622 314 de

290 359 330 383 re
359 358 487 394 aequo
516 343 650 381 animo
679 341 913 381 deliberanti
943 341 997 380 ita
1025 341 1121 379 mihi
1151 342 1221 380 des
1255 340 1464 379 consilium
1491 340 1619 379 velim.

290 409 412 447 Navis
433 416 471 446 et
491 408 531 445 in
553 407 690 447 Caieta
709 415 768 446 est
788 414 922 457 parata
942 406 1056 445 nobis
1077 413 1115 444 et
1138 405 1332 444 Brundisi.

245 482 269 521 7
344 474 421 512 Sed
443 486 535 511 ecce
559 472 687 510 nuntii
714 472 910 510 scribente
937 485 1000 510 me
1027 472 1125 509 haec
1146 470 1230 521 ipsa
1253 477 1374 509 noctu
1395 469 1435 507 in
1458 471 1618 518 Caleno,
1643 482 1660 513 5

288 551 381 576 ecce
402 537 551 576 litterae
569 539 777 577 Caesarem
799 538 849 575 ad
867 535 1102 583 Corfinium,
1120 534 1342 574 Domitium
1360 534 1510 574 Corfini
1531 548 1622 573 cum

288 603 402 640 firmo
430 602 599 640 exercitu
627 610 665 640 et
692 615 864 652 pugnare
894 600 1088 650 cupiente.
1150 602 1243 638 Non
1271 606 1367 649 puto
1397 599 1515 637 etiam
1545 601 1621 638 hoc

290 669 473 706 Gnaeum
507 675 684 705 nostrum
725 666 1028 704 commissurum
1067 673 1110 703 ut
1146 664 1368 703 Domitium
1403 664 1622 714 relinquat3

287 732 359 771 etsi
391 732 644 770 Brundisium
680 731 906 781 Scipionem
941 744 1031 768 cum
1066 729 1295 768 cohortibus
1330 729 1485 767 duabus
1515 742 1621 779 prae-

287 797 455 844 miserat,
487 796 683 846 legionem
714 810 737 833 ιτ
771 797 916 833 Fausto
951 794 1214 844 conscriptam
1254 793 1294 831 in
1338 793 1510 832 Siciliam
1546 793 1619 832 sibi
1645 807 1682 828 10

286 863 440 911 placere
469 875 492 899 a
520 862 683 900 consule
713 860 804 898 duci
835 859 1040 910 scripserat
1068 860 1119 897 ad
1149 860 1342 897 consules.
1403 859 1481 897 Sed
1508 866 1620 909 turpe

287 926 510 965 Domitium
542 927 721 964 deserere
755 924 826 963 erit
860 924 1136 974 implorantem
1168 923 1251 962 eius
1289 923 1487 961 auxilium.
1549 926 1620 962 Est

286 993 483 1041 quaedam
518 1005 606 1041 spes
639 990 735 1028 mihi
767 990 929 1040 quidem
964 1003 1045 1028 non
1085 1003 1226 1039 magna
1257 990 1327 1027 sed
1358 988 1398 1026 in
1433 989 1493 1027 his
1522 989 1618 1027 locis

285 1059 397 1095 firma
412 1057 618 1096 Afranium
640 1056 679 1094 in
698 1059 898 1106 Pyrenaeo
914 1069 1005 1094 cum
1019 1055 1221 1093 Trebonio
1237 1068 1443 1105 pugnasse,
1460 1057 1618 1105 pulsum

284 1122 541 1170 Trebonium,
565 1122 683 1161 etiam
711 1121 878 1159 Fabium
907 1129 1018 1158 tuum
1046 1120 1228 1158 transisse
1255 1134 1346 1158 cum
1374 1120 1614 1167 cohortibus,
1640 1135 1676 1166 ¹5

284 1201 439 1226 summa
458 1195 590 1225 autem
612 1186 818 1225 Afranium
846 1200 937 1224 cum
963 1185 1112 1235 magnis
1137 1184 1260 1235 copiis
1284 1186 1507 1223 adventare.
1568 1186 1617 1223 Id

284 1252 316 1291 si
343 1260 411 1301 est,
435 1252 474 1290 in
498 1252 611 1290 Italia
637 1253 800 1290 fortasse
830 1250 1063 1289 manebitur.
1125 1252 1210 1300 Ego
1237 1257 1369 1288 autem
1399 1263 1490 1287 cum
1516 1258 1617 1288 esset

284 1318 477 1356 incertum
504 1317 576 1356 iter
601 1317 789 1364 CaesariS,
814 1317 923 1366 quod
949 1318 1009 1354 vel
1039 1317 1089 1354 ad
1116 1316 1295 1365 Capuam
1322 1316 1384 1353 vel
1413 1316 1465 1353 ad
1497 1317 1618 1354 Luce-

283 1383 379 1421 riam
396 1383 517 1421 iturus
538 1383 758 1432 putabatur,
776 1384 943 1432 Leptam
966 1380 1053 1419 misi
1073 1382 1124 1419 ad
1141 1379 1376 1431 Pompeium
1392 1386 1429 1417 et
1446 1380 1590 1418 litteras
1606 1395 1615 1428 3

283 1448 366 1500 ipse
387 1463 435 1487 ne
457 1462 536 1498 quo
557 1448 771 1486 inciderem
793 1447 929 1486 reverti
952 1446 1139 1485 Formias.
1635 1454 1674 1475 20

339 1516 453 1552 Haec
492 1521 529 1551 te
568 1513 665 1551 scire
699 1511 805 1551 volui
844 1511 1060 1562 scripsique
1098 1509 1293 1549 sedatiore
1326 1509 1460 1548 animo
1494 1524 1614 1561 quam

282 1578 458 1628 proxime
493 1577 733 1626 scripseram,
768 1578 921 1614 nullum
961 1589 1091 1615 meum
1132 1575 1322 1614 iudicium
1361 1575 1615 1625 interponens

282 1645 352 1681 sed
380 1642 586 1692 exquirens
615 1650 736 1680 tuum.

325 1750 391 1786 IV
438 1752 509 1783 Ser.
530 1753 563 1782 in
580 1751 765 1782 Formiano
782 1751 839 1781 viii
852 1750 893 1781 K.
909 1729 1014 1780 *Mara
1036 1753 1110 1780 ante
1126 1750 1227 1780 lucem
1244 1759 1274 1779 a.
1298 1758 1352 1788 705
1372 1748 1458 1789 (49).

698 1831 874 1863 CICERO
899 1831 1071 1863 ATTICO
1098 1831 1194 1864 SAL.
1637 1835 1674 1868 ²5

249 1930 267 1957 1
340 1916 553 1966 Dionysius
587 1915 749 1965 quidem
783 1923 873 1953 tuus
908 1915 1037 1966 potius
1072 1929 1191 1965 quam
1226 1923 1368 1963 noster,
1400 1915 1511 1954 cuius
1543 1929 1616 1966 ego

283 1995 373 2020 cum
402 1981 493 2019 satis
521 1995 754 2031 cognossem
783 1994 910 2019 mores
941 1988 1009 2019 tuo
1036 1988 1168 2019 tamen
1194 1981 1325 2031 potius
1347 1980 1499 2019 stabam
1520 1980 1617 2019 iudi-

281 2046 344 2086 cio
365 2060 483 2097 quam
506 2060 605 2093 meO,
629 2060 679 2084 ne
700 2046 756 2085 tui
777 2046 938 2097 quidem
960 2045 1160 2085 testimoni
1181 2047 1289 2097 quod
1310 2045 1344 2085 ei
1365 2059 1482 2096 saepe
1508 2047 1616 2096 apud

326 2160 344 2187 4
371 2150 404 2179 in
422 2149 549 2188 Caieta,
569 2149 606 2188 cf.
627 2149 694 2179 xiv.
715 2159 742 2187 7.
766 2159 778 2178 1
798 2152 827 2178 et
845 2149 877 2179 C.
897 2147 922 2179 Ι.
946 2148 985 2179 L.
1004 2159 1036 2179 x.
1056 2159 1087 2188 p.
1105 2150 1169 2187 603
1316 2159 1355 2179 10
1379 2160 1397 2179 a
1414 2148 1490 2180 add.
1504 2149 1611 2187 Illam,

280 2192 319 2231 cs.
343 2203 379 2222 12
397 2203 418 2222 Α
437 2203 456 2230 3
710 2203 743 2222 rr
773 2192 910 2222 consule
936 2192 1028 2222 Μαη.
1049 2192 1113 2222 coll.
1137 2202 1173 2222 12
1190 2202 1221 2225 Α,
1242 2202 1284 2230 3:
1309 2193 1501 2223 consulibus
1523 2193 1610 2224 codd.

283 2237 429 2275 turpiter
444 2235 528 2265 Reid
622 2246 659 2266 12
678 2237 837 2266 deserere
855 2237 919 2265 erit
937 2246 993 2266 zue.
1012 2235 1176 2266 ERM²sz
1201 2236 1327 2266 deserit
1348 2235 1401 2265 M¹
1419 2248 1425 2266 ε
1449 2237 1615 2267 desererit

285 2278 315 2307 Ο
331 2291 336 2309 ;
361 2280 469 2309 deseri
487 2279 556 2309 edd.
574 2279 732 2319 plerique:
760 2280 894 2309 deseret
915 2279 997 2308 Reid
1084 2278 1143 2309 Est
1160 2278 1268 2319 vulga
1294 2284 1328 2309 et
1344 2279 1432 2310 codd.
1577 2290 1614 2318 14

283 2322 452 2352 Trebonio
470 2323 648 2352 „ascensius
666 2322 725 2353 «ed.
748 2323 778 2352 1xl
795 2335 801 2352 :
833 2322 992 2353 Petronio
1011 2322 1038 2352 C
1051 2321 1142 2352 codd.
1288 2332 1326 2364 15
1357 2322 1497 2353 Fadium
1517 2322 1619 2354 Orelli

288 2376 326 2404 19
353 2366 427 2395 misi
454 2367 493 2395 ad
525 2366 719 2404 Pompeium
748 2365 844 2397 EOR
862 2377 890 2398 v.
909 2377 952 2398 c.:
980 2367 1021 2398 ad
1048 2366 1081 2398 P.
1103 2366 1177 2398 misi
1198 2370 1226 2398 Δ
1359 2372 1393 2398 et
1418 2366 1493 2398 add.
1521 2370 1614 2399 πῶς

285 2419 359 2439 cum
379 2410 499 2440 litteris
516 2420 531 2440 s
549 2408 673 2440 Mz'iller
