1790 2837
140 115 194 154 ΙΙ.
214 116 308 153 xvii
566 117 623 154 M.
656 116 825 154 TVLLI
857 117 1164 156 CICERONIS

158 546 174 573 Ι

147 1392 171 1419 2

199 227 310 277 quasi
331 227 518 277 ὑποθήκας
537 228 688 266 adferes
705 241 824 277 quem
844 228 895 267 ad
916 229 1080 267 modum
1102 242 1166 268 me
1186 242 1328 280 geram.
1368 228 1532 279 Aliquid

199 306 246 331 ex
265 292 348 331 eius
369 305 551 331 sermone
571 292 787 342 poterimus
807 294 891 344 περὶ
908 297 980 333 τῶν
998 294 1095 333 ὅλων
1114 294 1312 345 suspicari.

241 397 403 433 XVIII
449 400 521 434 Ser.
540 400 669 432 Romae
686 412 731 433 m.
748 402 824 433 Iun.
844 402 964 434 autin.
984 402 1098 442 Quint.
1119 414 1149 435 a.
1170 404 1229 443 695
1249 403 1337 446 (59).

609 467 786 498 CICERO
817 467 991 499 ATTICO
1025 469 1120 501 SAL.

248 533 397 584 Accepi
429 533 580 584 aliquot
609 533 794 584 epistulas
826 542 922 582 tuas,
955 549 1002 574 ex
1034 535 1178 585 quibus
1211 535 1384 574 intellexi
1410 549 1530 585 quarn
1551 550 1568 581 5

195 611 386 649 suspenso
417 598 551 637 animo
585 606 623 637 et
654 598 821 637 sollicito
860 599 958 638 scire
995 613 1128 638 averes
1159 600 1256 650 quid
1295 607 1395 639 esset
1425 599 1526 639 novi.

194 665 395 703 Tenemur
426 664 603 715 undique
636 678 766 715 neque
797 665 875 703 iam
911 679 991 716 quo
1021 665 1151 704 minus
1181 665 1393 704 serviamus
1423 670 1530 703 recu'-

194 744 336 778 samus,
369 731 439 768 sed
472 738 638 769 mortem
673 738 711 769 et
743 730 978 770 eiectionem
1011 731 1123 781 quasi
1152 731 1301 770 maiora
1329 730 1524 778 timemus,

193 808 295 845 quae
326 796 451 833 multo
483 802 574 833 sunt
608 795 770 834 minora.
830 797 964 845 Atque
995 796 1059 834 hic
1092 804 1213 834 status
1245 795 1313 845 qui
1348 809 1448 833 nunc
1476 800 1532 833 est

192 873 272 898 una
304 873 402 898 voce
433 859 612 898 omnium
650 860 820 910 gemitur
852 874 983 910 neque
1017 861 1138 900 verbo
1170 860 1405 910 cuiusquam
1440 861 1528 899 sub·
1550 874 1589 898 10

192 925 351 963 levatur.
414 927 560 966 Σκοπὸς
588 932 658 972 est,
690 933 733 963 ut
762 925 950 976 suspicor,
984 925 1059 964 illis
1095 925 1162 976 qui
1197 933 1342 972 tenent,
1378 928 1527 965 nullam

192 990 391 1040 cuiquaml
425 990 656 1041 argitionem
691 990 920 1041 relinquere.
980 993 1094 1029 Vnus
1128 990 1300 1041 loquitur
1330 998 1368 1029 et
1397 993 1527 1042 palam

191 1057 417 1094 adversatur
436 1057 670 1095 adulescens
692 1055 823 1095 Curio.
886 1056 995 1095 Huic
1016 1058 1176 1107 plausus
1198 1056 1368 1103 maximi,
1392 1070 1527 1096 consa-

191 1121 330 1160 lutatio
350 1121 514 1160 forensis
544 1121 848 1172 perhonorifica‚
869 1122 979 1172 signa
1006 1130 1205 1172 praeterea
1225 1123 1524 1162 benevolentiae

190 1188 384 1237 permulta
404 1200 428 1225 a
447 1186 561 1226 bonis
589 1186 874 1236 impertiuntur.
936 1189 1092 1226 Fufium
1117 1187 1354 1225 clamoribus
1375 1196 1413 1226 et
1434 1202 1525 1227 con·
1547 1199 1583 1231 15

189 1252 299 1290 viciis
327 1259 364 1290 et
392 1251 515 1290 sibilis
545 1259 832 1291 consectantur.
894 1252 972 1290 His
1002 1267 1049 1291 ex
1075 1253 1192 1291 re'ous
1222 1266 1303 1290 non
1331 1266 1431 1302 spes,
1455 1255 1525 1292 sed

190 1318 303 1356 dolor
333 1324 391 1355 est
422 1316 546 1355 maior
578 1330 670 1355 cum
699 1316 834 1356 videas
867 1317 1034 1356 civitatis
1066 1318 1309 1356 voluntatem
1341 1319 1521 1366 solutam,

190 1382 372 1420 virtutem
403 1381 626 1431 adligatam.
686 1384 746 1420 Ac
778 1396 829 1421 ne
861 1384 960 1421 sorte
991 1396 1154 1433 quaeras
1188 1385 1280 1422 κατὰ
1308 1385 1445 1422 λεπτὸν
1473 1385 1524 1423 de

190 1447 351 1497 singulis
379 1447 506 1493 rebus,
529 1446 710 1485 universa
736 1461 796 1485 res
823 1461 872 1486 eo
899 1454 958 1486 est
982 1449 1155 1487 deducta
1176 1461 1264 1498 spes
1285 1455 1327 1486 ut
1347 1450 1454 1487 nulla
1474 1449 1523 1488 sit

189 1512 402 1562 aliquando
448 1525 529 1549 non
575 1513 696 1550 modo
735 1511 905 1562 privatos
944 1526 1079 1551 verum
1119 1512 1236 1551 etiam
1275 1513 1521 1563 magistratus
1542 1525 1583 1547 20

189 1578 332 1616 liberos
360 1578 451 1615 fore.
512 1578 602 1614 Hac
627 1584 759 1615 tamen
784 1577 824 1615 in
855 1577 1112 1627 oppressione
1140 1591 1268 1616 sermo
1298 1577 1338 1616 in
1368 1578 1521 1617 circulis

190 1644 392 1682 dumtaxat
421 1648 459 1679 et
490 1640 529 1679 in
563 1641 753 1680 conviviis
783 1649 842 1680 est
872 1642 1028 1680 liberior
1061 1656 1179 1692 quam
1211 1642 1294 1681 fuit.
1353 1643 1523 1682 Vincere

190 1708 327 1758 incipit
356 1707 537 1745 timorem
576 1708 700 1754 dolor,
737 1708 807 1746 sed
842 1707 895 1745 ita
929 1715 971 1745 ut
1012 1707 1146 1746 omnia
1185 1707 1262 1746 sint
1296 1708 1524 1758 plenissima

191 1771 484 1823 desperationis.
545 1772 682 1810 Habet
702 1772 821 1810 etiam
844 1774 1050 1823 Campana
1071 1774 1132 1811 lex
1153 1772 1460 1811 exsecrationem
1483 1773 1522 1811 in

190 1838 375 1877 contione
409 1836 722 1885 candidatorum,
759 1837 791 1875 si
827 1837 1071 1876 mentionem
1103 1837 1265 1876 fecerint
1300 1851 1379 1887 quo
1413 1838 1523 1876 aliter
1545 1852 1581 1884 25

189 1916 279 1953 ager
305 1901 551 1953 possideatur
580 1910 699 1952 atque
720 1909 762 1940 ut
783 1916 830 1941 ex
850 1902 1002 1952 legibus
1035 1902 1156 1941 Iuliis.
1216 1904 1309 1941 Non
1340 1902 1523 1941 dubitant

190 1968 314 2006 iurare
354 1967 499 2014 ceteri3
549 1967 771 2006 Laterensis
813 1967 1055 2006 existimatur
1093 1969 1198 2006 laute
1237 1967 1374 2006 fecisse
1414 1969 1522 2018 quod

186 2024 432 2072 vtribunatum
461 2034 511 2083 pl.
544 2041 676 2084 petere
706 2033 855 2072 destitit
885 2047 935 2072 ne
964 2033 1115 2071 iuraret.

148 2086 187 2150 3⁵
246 2100 323 2138 Sed
357 2100 407 2137 de
438 2112 478 2137 re
509 2098 668 2149 publica
699 2112 780 2137 non
814 2098 910 2136 libet
939 2099 1050 2148 plura
1080 2097 1258 2137 scribere.
1320 2098 1522 2149 Displiceo

234 2214 255 2242 9
278 2203 331 2233 hic
350 2207 458 2233 status
474 2204 531 2242 qui
552 2212 639 2232 nunc
657 2207 708 2233 est
731 2201 918 2242 Wesenbevg
941 2201 1009 2233 coll.
1026 2212 1072 2241 19.
1088 2213 1107 2232 2
1123 2214 1129 2233 z
1154 2212 1220 2233 om.
1237 2213 1324 2232 nunc
1342 2207 1394 2233 est
1412 2203 1492 2233 codd
1513 2215 1520 2234 z

192 2247 244 2277 'nic
263 2251 370 2277 status
387 2247 482 2285 quasi
504 2246 656 2276 Schiche:
682 2246 735 2276 hic
761 2250 812 2276 est
837 2250 944 2276 status
967 2246 1022 2284 qui
1048 2245 1142 2277 Boot.
1190 2246 1317 2276 Locum
1334 2247 1378 2276 ita
1397 2247 1524 2285 msingz‘t

192 2290 278 2320 le
300 2291 428 2320 minora
451 2300 549 2329 quam
578 2291 657 2330 (pro
679 2288 795 2328 atque)
813 2290 866 2319 hic
892 2293 997 2319 status
1021 2290 1076 2327 qui
1257 2291 1294 2319 18
1319 2291 1360 2319 de
1378 2290 1521 2328 singulis

187 2335 293 2364 ‚rebus
304 2334 370 2364 secl.
390 2333 590 2363 Benlwolt'us
678 2343 728 2370 24.
744 2342 784 2370 25
810 2331 897 2362 codd.
914 2332 1031 2362 habent
1048 2333 1081 2362 in
1100 2333 1260 2363 contione
1274 2336 1351 2373 post
1367 2343 1520 2363 exsecra-

194 2379 321 2408 tionem
341 2381 422 2408 recle.
445 2381 481 2406 ul
497 2376 642 2406 videtur:
668 2375 909 2416 transponenda
931 2386 994 2405 csse
1014 2379 1089 2406 (mle
1109 2377 1316 2411 mentionem
1337 2376 1524 2417 suspicatur

194 2421 286 2460 Boot,
305 2425 377 2461 post
393 2419 598 2450 mentionem
618 2418 742 2450 Msillcr
