1817 2832
640 111 752 149 EPP.
783 110 862 148 AD
891 108 1151 148 ATTICVM
1488 105 1559 142 VI.
1576 103 1623 141 iii

231 221 329 261 alius
358 228 416 261 est
446 222 589 260 Brutus
618 228 803 260 tractatus
833 234 952 271 quarn
982 218 1206 269 Pompeius.
1266 219 1389 256 Bruto
1422 222 1555 255 curata

231 287 308 325 hoc
327 300 433 326 anno
461 288 607 326 talenta
635 287 786 326 circiter
805 298 840 333 c,
864 285 1054 336 Pompeio
1081 285 1121 322 in
1148 298 1215 322 sex
1241 282 1442 321 mensibus
1470 294 1556 331 pro-

231 351 349 390 missa
369 363 428 390 cc.
490 353 576 390 Iam
606 351 645 390 in
667 351 771 401 Appi
801 351 960 400 negotio
985 357 1176 400 quantum
1203 347 1404 386 tribuerim
1432 348 1554 385 Bruto

231 416 309 455 dici
339 416 402 454 vix
434 424 573 467 potest.
633 416 742 466 Quid
765 424 823 454 est
852 415 967 465 igitur
995 415 1104 464 quod
1133 414 1337 452 laborem?
1392 411 1554 450 Amicos

196 482 350 525 5habet
384 496 509 520 meras
541 495 675 532 nugas,
709 481 933 528 Matinium,
968 479 1180 529 Scaptium.
1241 477 1321 528 Qui
1352 477 1444 528 quia
1472 490 1554 516 non

231 547 368 585 habuit
396 561 419 585 a
449 561 512 585 me
545 555 691 585 turmas
723 545 900 596 equitum
936 545 1079 594 quibus
1111 545 1284 594 Cyprum
1315 550 1481 589 vexaret,
1512 548 1555 580 ut

228 619 320 649 ante
342 625 404 650 me
425 613 578 658 fecerat,
601 612 763 649 fortasse
791 617 1002 656 suscenset,
1026 617 1093 646 aut
1113 608 1205 658 quia
1230 609 1448 658 praefectus
1473 619 1553 645 non

228 684 297 723 est,
327 678 435 727 quod
464 690 537 727 ego
565 676 713 715 nemini
744 675 861 714 tribui
891 674 1132 725 negotiatori,
1162 687 1243 712 non
1274 674 1317 713 C.
1340 672 1553 711 Vennonio

228 754 319 780 meo
350 741 538 788 familiari,
575 755 654 779 non
687 749 755 779 tuo
791 742 846 778 M.
882 739 1042 786 Laenio,
1078 747 1116 777 et
1154 740 1262 788 quod
1293 737 1364 776 tibi
1399 739 1553 775 Romae

170 817 209 840 10
228 807 478 845 ostenderam
500 820 563 844 me
585 814 824 844 servaturum
839 820 849 853 3
880 805 919 843 in
941 818 1020 854 quo
1040 803 1292 854 perseveravi.
1352 803 1429 841 Sed
1457 802 1552 852 quid

227 871 370 921 poterit
399 871 508 920 queri
537 871 569 909 is
599 870 667 921 qui
695 872 845 909 auferre
874 869 1082 920 pecuniam
1113 883 1203 907 cum
1236 876 1369 918 posset
1399 867 1553 906 noluit?

226 937 332 975 †Aut
367 936 572 985 Scaptiusi·
612 935 679 985 qui
718 935 758 973 in
793 934 1049 985 Cappadocia
1086 933 1168 980 fuit,
1202 941 1299 983 puto
1337 946 1422 971 esse
1460 931 1552 970 satis

225 1001 383 1038 factum.
444 1002 483 1038 Is
503 1014 526 1038 a
546 1013 609 1038 me
636 1000 877 1038 tribunatum
905 1013 995 1037 curn
1022 999 1238 1048 accepisset
1264 1011 1382 1048 quem
1412 1010 1484 1047 ego
1505 1010 1552 1035 ex

226 1064 335 1103 Bruti
357 1065 491 1103 litteris
512 1064 547 1103 ei
567 1064 808 1111 detulissem,
826 1072 964 1114 postea
983 1064 1135 1114 scripsit
1155 1065 1206 1102 ad
1227 1077 1290 1102 me
1316 1076 1357 1101 se
1373 1062 1428 1101 uti
1444 1063 1549 1100 nolle

167 1140 205 1171 15
224 1142 272 1167 eo
292 1129 502 1168 tribunatu.

279 1194 426 1232 Gavius
468 1202 527 1233 est
568 1194 730 1245 quidam
769 1195 833 1233 cui
870 1208 961 1234 cum
999 1196 1283 1245 praefecturam
1321 1193 1548 1232 detulissem
1568 1193 1596 1231 6

225 1258 335 1297 Bruti
362 1268 498 1310 rogatu
525 1262 648 1298 multa
675 1268 713 1299 et
733 1260 829 1299 dixit
856 1268 894 1299 et
921 1260 1012 1299 fecit
1036 1274 1126 1298 cum
1156 1261 1328 1309 quadam
1353 1272 1441 1297 mea
1460 1272 1551 1297 con-

224 1324 394 1371 tumelia,
414 1327 455 1363 P.
473 1325 590 1364 Clodi
606 1325 724 1363 canis.
771 1327 811 1363 Is
832 1339 895 1363 me
911 1339 984 1364 nec
1000 1325 1314 1374 proficiscentem
1330 1326 1550 1373 Apameam

223 1397 453 1439 prosecutus
493 1397 550 1428 est
584 1403 669 1437 nec,
701 1404 791 1428 cum
824 1398 961 1440 postea
990 1390 1031 1428 in
1069 1398 1194 1428 castra
1224 1389 1394 1428 venisset
1431 1396 1549 1437 atque

166 1469 205 1491 20
223 1453 316 1493 inde
348 1454 577 1502 discederet,
613 1469 708 1493 num
743 1455 839 1505 quid
872 1457 1013 1494 vellem
1052 1455 1200 1505 rogavit
1238 1462 1276 1493 et
1313 1454 1384 1492 fuit
1417 1461 1549 1503 aperte

223 1518 319 1556 mihi
340 1519 473 1557 nescio
494 1533 572 1569 qua
592 1534 632 1558 re
652 1533 733 1558 non
760 1520 920 1558 amicus.
981 1522 1104 1558 Hunc
1125 1533 1197 1570 ego
1218 1519 1250 1558 si
1277 1519 1316 1557 in
1344 1517 1549 1569 praefectis

222 1584 459 1632 habuissem,
485 1598 603 1635 quem
634 1593 675 1623 tu
705 1599 768 1624 me
798 1586 1001 1624 hominem
1030 1587 1216 1635 putares?
1274 1584 1363 1633 Qui,
1391 1591 1433 1622 ut
1460 1583 1545 1630 scis,

221 1649 583 1698 potentissimorum
604 1650 811 1689 hominum
833 1650 1123 1689 contumaciam
1145 1663 1362 1700 numquam
1379 1648 1543 1694 tulerim,

220 1715 359 1753 ferrem
398 1715 514 1753 huius
552 1717 790 1754 adseculae?
837 1716 909 1755 etsi
948 1718 1024 1755 hoc
1056 1718 1143 1766 plus
1182 1723 1240 1754 est
1278 1729 1396 1765 quarn
1435 1716 1543 1761 ferre,

165 1791 201 1822 25
221 1778 389 1818 tribuere
409 1780 526 1819 etiam
547 1782 695 1832 aliquid
716 1783 883 1821 benefici
905 1791 943 1822 et
962 1782 1134 1821 honoris.
1190 1783 1229 1819 Is
1250 1780 1364 1830 igitur
1385 1779 1543 1827 Gavius,

220 1856 310 1881 cum
337 1847 538 1894 Apameae
567 1860 631 1885 me
661 1861 785 1898 nuper
804 1848 965 1886 vidisset
995 1850 1167 1886 Romam
1196 1846 1459 1896 proficiscens,
1482 1859 1546 1883 me

220 1907 272 1945 ita
309 1909 519 1958 appellavit
553 1916 599 1948 ut
634 1913 857 1951 Culleolum
889 1912 952 1950 vix
985 1914 1182 1958 auderem,
1219 1912 1380 1949 ‘Vnde'
1419 1910 1546 1960 inquit

221 1975 230 1992 ‘
243 1986 307 2011 me
327 1973 438 2012 iubes
459 1982 590 2024 petere
611 1976 755 2015 cibaria
775 1977 960 2027 praefecti
973 1979 1010 2016 ?'
1052 1976 1259 2027 Respondi
1280 1976 1405 2014 lenius
1426 1989 1544 2025 quam

263 2098 282 2127 5
308 2088 484 2120 Matinium
505 2090 692 2122 Corradus:
718 2091 865 2122 Manium
887 2091 1071 2123 CMlWO:
1101 2092 1144 2124 M.
1168 2092 1240 2123 M²s
1339 2103 1378 2122 10
1402 2091 1485 2131 quo]
1503 2101 1544 2122 eo

222 2131 360 2161 Vrsinus
433 2143 470 2162 12
495 2134 563 2164 Aut
581 2134 739 2173 Scaptius
761 2135 822 2165 W:
852 2136 1007 2172 Scaptius
1023 2135 1082 2166 M:
1109 2137 1247 2175 Scaptio
1264 2135 1358 2167 Man.
1379 2147 1385 2166 :
1409 2136 1504 2166 alteri
1523 2145 1541 2165 e

219 2175 366 2214 Scaptiis
383 2174 524 2216 „Madwg
635 2179 673 2207 18
697 2178 882 2217 Apameam
901 2179 1022 2209 JW21V:
1049 2189 1167 2218 apame
1186 2179 1238 2208 M¹
1258 2191 1264 2210 ε
1290 2180 1440 2218 Apamea
1458 2179 1536 2209 coni.

222 2217 410 2255 chsenbexgr
550 2230 590 2259 25
615 2221 738 2260 aliquid
768 2222 911 2252 benefici
939 2222 1031 2253 WN:
1064 2223 1207 2253 benefici
1233 2223 1356 2262 aliquid
1381 2221 1542 2252 HOPMs

217 2261 344 2292 Gavius
375 2261 593 2303 lVLffiumg.)
618 2263 691 2295 Zb:
730 2264 837 2295 Gaius
872 2265 975 2296 MEO
1170 2277 1209 2305 27
1236 2272 1270 2297 ut
1297 2266 1371 2297 add.
1393 2266 1540 2296 Sclzr'ilz:

216 2305 407 2336 Culleolum
432 2307 490 2336 vix
516 2308 676 2338 auderem
703 2308 737 2337 in
758 2309 945 2348 parenthesi
966 2313 1034 2340 vett.
1205 2311 1246 2340 28
1271 2310 1430 2349 praefecti
1458 2305 1540 2338 WZl

215 2346 244 2377 L
265 2350 402 2390 gmmg.)
423 2361 429 2380 :
455 2351 605 2389 profecto
623 2355 676 2382 ΣΔ
696 2351 782 2382 Crat.
