1790 2837
125 128 243 167 11.vi
537 127 594 165 M.
626 125 795 164 TVLLI
826 124 1133 164 CICERONIS

211 235 279 270 VI
484 236 556 269 Ser.
572 235 662 266 Anti
675 235 779 267 medio
796 246 839 266 m.
858 234 945 276 Apr.
966 245 996 267 α.
1015 235 1075 275 695
1093 233 1177 275 (59).

580 313 754 345 CICERO
786 312 956 344 ATTICO
991 311 1090 343 SAL.

131 405 148 431 1
223 393 344 442 Quod
373 391 444 431 tihi
475 391 740 442 superioribus
765 389 900 428 litteris
927 388 1196 440 promiseram,
1216 389 1298 427 fore
1327 395 1370 426 ut
1399 401 1499 438 opus

165 465 332 496 exstaret
362 457 478 495 huius
504 455 838 507 peregrinationis,
864 454 961 492 nihil
987 454 1065 492 iam
1090 467 1234 503 magno
1264 467 1381 503 opere
1409 467 1500 492 con-

165 524 303 570 firmo3
334 522 389 561 sic
416 521 522 560 enim
550 535 637 560 sum
662 522 892 570 complexus
920 519 1045 558 otium
1066 526 1108 556 ut
1127 519 1178 556 ab
1198 531 1246 556 eo
1266 518 1398 557 divelli
1418 532 1500 558 non
1521 532 1539 565 5

165 601 320 638 queam.
381 588 522 636 Itaque
546 593 614 624 aut
639 585 745 624 libris
774 598 837 623 me
861 585 1026 630 delecto,
1050 596 1218 633 quorum
1246 584 1375 622 habeo
1404 583 1501 621 Anti

165 652 345 691 festivam
375 651 541 702 copiam,
572 658 639 689 aut
666 652 809 689 fluctus
839 662 1005 687 numero
1036 648 1144 698 (nam
1173 649 1224 686 ad
1249 649 1410 686 lacertas
1440 662 1500 687 ca-

164 719 333 769 ptandas
351 723 604 767 tempestates
621 729 702 754 non
719 722 810 754 sunt
830 713 1015 764 idoneae)
1030 728 1040 762 3
1069 727 1093 751 a
1112 713 1322 752 scribendo
1343 726 1499 762 prorsus

164 784 349 822 abhorret
382 782 547 821 animus.
619 779 779 820 Etenim
812 781 1053 833 γεωγραφικὰ
1084 793 1185 830 quae
1219 778 1499 818 constitueram

166 862 353 898 magnum
374 861 473 898 opus
495 856 564 886 est.
625 848 687 885 Ita
706 847 820 884 valde
843 846 1134 892 Eratosthenes,
1158 857 1277 894 quem
1298 844 1394 881 mihi
1414 857 1500 894 pro·
1523 861 1561 882 10

165 927 389 964 posueram,
426 926 449 950 a
488 911 702 962 Serapione
744 919 782 950 et
824 912 874 949 ab
916 910 1149 960 Hipparcho
1189 909 1496 959 reprehenditur.

166 979 276 1028 Quid
306 991 442 1017 censes
472 977 504 1016 si
533 977 735 1027 Tyrannio
765 976 1004 1015 accesserit?
1061 978 1112 1014 Et
1139 977 1297 1014 hercule
1323 983 1414 1013 sunt
1440 989 1500 1014 res

165 1044 343 1083 difficiles
365 1045 416 1083 ad
436 1043 714 1094 explicandum
739 1051 776 1081 et
804 1043 978 1092 ὁμοειδεῖς
998 1055 1072 1080 nec
1099 1049 1179 1079 tam
1206 1049 1372 1091 possunt
1394 1042 1501 1091 ἀνθη-

165 1110 438 1163 ρογραφεῖσθαι
458 1122 578 1159 quam
598 1107 834 1146 videbantur
847 1115 895 1154 et,
912 1108 1021 1157 quod
1037 1113 1155 1156 caput
1176 1114 1243 1152 est,
1269 1105 1365 1143 mihi
1386 1120 1501 1156 quae-

166 1174 224 1213 vis
253 1175 344 1213 satis
370 1174 471 1212 iusta
494 1186 612 1211 causa
638 1172 819 1211 cessandi
847 1180 905 1210 est
926 1171 993 1221 qui
1021 1171 1140 1209 etiam
1166 1170 1345 1209 dubitem
1366 1185 1416 1209 an
1437 1171 1501 1210 hic
1525 1186 1561 1216 15

167 1239 263 1277 Anti
285 1239 490 1278 considam
511 1246 549 1277 et
570 1239 645 1276 hoc
667 1245 823 1287 tempus
845 1251 964 1275 omne
986 1249 1229 1282 consumam,
1250 1235 1317 1274 ubi
1339 1236 1501 1286 quidem

124 1315 148 1342 2
169 1318 241 1354 ego
263 1306 421 1342 mallem
448 1302 701 1342 duumvirum
728 1316 847 1352 quam
874 1304 1028 1340 Romae
1052 1300 1182 1339 fuisse.
1245 1302 1308 1338 Tu
1329 1315 1421 1340 vero
1448 1315 1503 1340 sa-

166 1369 335 1419 pientior
357 1367 538 1406 Buthroti
558 1368 724 1406 domum
744 1366 897 1416 parasti.
942 1367 1031 1412 Sed,
1057 1365 1153 1403 mihi
1175 1367 1301 1412 crede,
1326 1366 1503 1416 proxima

166 1442 223 1474 est
250 1434 304 1472 illi
335 1433 550 1483 municipio
571 1434 669 1470 haec
690 1432 910 1470 Antiatium
935 1431 1080 1470 civitas.
1145 1433 1243 1470 Esse
1264 1433 1396 1470 locum
1421 1440 1501 1471 tam

166 1513 288 1550 prope
312 1501 482 1536 Romam
504 1497 572 1536 ubi
595 1496 709 1535 multi
736 1497 813 1535 sint
840 1496 908 1546 qui
931 1497 1134 1535 Vatinium
1158 1511 1376 1547 numquam
1397 1498 1501 1537 vide-
1523 1513 1564 1536 20

166 1564 256 1611 rint,
277 1563 344 1602 ubi
365 1576 483 1601 nemo
504 1562 552 1600 sit
573 1569 724 1612 praeter
746 1576 807 1600 me
829 1562 895 1612 qui
918 1576 1159 1612 quemquam
1182 1576 1228 1600 ex
1256 1562 1390 1613 viginti
1412 1564 1502 1603 viris

166 1628 299 1666 vivum
334 1635 372 1666 et
405 1629 556 1666 salvum
587 1627 689 1673 velit,
723 1627 791 1666 ubi
822 1642 885 1666 me
918 1628 1137 1679 interpellet
1174 1644 1304 1677 nemo,
1340 1630 1503 1681 diligant

167 1707 306 1732 omnes
324 1696 329 1731 Ι
370 1693 461 1739 Hic,
485 1693 548 1731 hic
570 1692 755 1730 nimirum
771 1696 1030 1742 πολιτευτέοιι;
1064 1708 1155 1732 nam
1172 1694 1258 1733 istic
1280 1709 1361 1734 non
1375 1698 1503 1735 solum

167 1773 247 1797 non
279 1758 368 1797 licet
395 1759 465 1796 sed
492 1758 610 1796 etiam
635 1760 777 1797 taedet.
843 1762 982 1811 Itaque
1011 1762 1185 1800 ἀνέκδοτα
1211 1775 1312 1811 quae
1340 1761 1410 1800 tibi
1436 1762 1503 1800 uni

168 1825 341 1874 legamus
371 1823 651 1873 Theopompio
686 1839 828 1875 genere
879 1834 946 1864 aut
986 1827 1104 1865 etiarn
1143 1827 1338 1877 asperiore
1378 1829 1503 1866 multo
1526 1837 1562 1869 25

167 1896 396 1938 pangentur.
457 1889 599 1938 Neque
637 1889 744 1929 aliud
780 1891 858 1929 iarn
899 1892 1112 1943 quicquam
1150 1894 1391 1943 πολιτεύομαι
1429 1892 1504 1931 nisi

168 1953 299 1991 odisse
320 1952 521 2002 improbos
543 1961 581 1992 et
603 1954 643 1993 id
667 1955 795 2006 ipsum
820 1958 928 1995 nullo
949 1971 1040 1996 cum
1057 1959 1261 1996 stomacho
1282 1958 1352 1996 sed
1373 1957 1504 2007 potius

170 2032 260 2057 cum
281 2018 412 2067 aliqua
432 2019 629 2058 scribendi
652 2023 862 2072 voluptate.

226 2085 305 2122 Sed
329 2090 370 2121 ut
396 2085 447 2122 ad
474 2099 567 2132 rem,
591 2086 726 2137 scripsi
750 2089 801 2125 ad
832 2094 1057 2137 quaestores
1085 2088 1256 2126 urbanos
1283 2089 1333 2127 de
1364 2086 1504 2136 Quinti

173 2149 297 2187 fratris
327 2149 496 2199 negotio.
556 2151 659 2190 Vide
687 2152 783 2201 quid
808 2160 974 2199 narrent,
998 2166 1147 2202 ecquae
1177 2166 1265 2203 spes
1292 2152 1341 2191 sit
1368 2151 1504 2191 denari
1525 2164 1567 2197 30

173 2228 224 2252 an
258 2215 484 2266 cistophoro
517 2216 761 2266 Pompeiano
794 2216 1002 2256 iaceamus.
1072 2219 1276 2256 Praeterea
1309 2219 1360 2256 de
1392 2230 1504 2255 muro

222 2329 259 2358 17
285 2319 495 2350 duumvirum
529 2318 639 2350 Ana:
678 2319 734 2350 diu
769 2319 925 2350 nimirum
959 2318 1002 2349 M
1168 2320 1290 2362 fuisse]
1316 2332 1369 2352 me
1402 2321 1505 2352 fuisse

174 2363 316 2394 Rosius:
343 2363 460 2394 consul
480 2364 581 2394 fuisse
599 2364 676 2394 coni.
699 2363 822 2393 Mz‘iller
