1817 2832
618 105 730 143 EPP.
763 105 840 143 AD
870 105 1130 145 ATTICVM
1441 102 1587 141 V11.ii

261 220 310 256 11
549 224 618 257 Scr.
636 224 802 257 Brundisi
814 237 834 258 v
850 225 892 257 K.
912 226 986 258 Dec.
1003 237 1034 258 α.
1056 236 1116 266 704
1136 226 1213 268 (50).

631 303 807 335 CICERO
831 303 1004 335 ATTICO
1030 303 1128 335 SAL.

272 377 527 417 Brundisium
548 379 727 419 venimus
749 393 806 418 vn
830 381 999 419 Kalend.
1024 380 1232 420 Decembr.
1257 379 1316 419 usi
1337 387 1403 419 tua
1423 379 1539 420 felici·
1557 387 1576 415 1

216 449 294 482 tate
314 443 525 493 navigandi
542 459 553 492 3
580 444 633 483 ita
653 445 756 483 belle
776 445 891 483 nobis

178 522 194 552 5
414 507 539 546 Flavit
567 509 619 547 ab
650 509 770 559 Epiro
800 509 1022 549 lenissimus
1052 509 1340 549 Onchesmites.

216 573 340 610 Hunc
370 573 657 621 σπονδειάζοντα
686 574 717 612 si
747 574 810 612 cui
834 576 941 613 voles
964 579 1036 614 τῶν
1058 575 1238 625 νεωτέρων
1262 587 1333 624 pro
1360 581 1428 612 tuo
1452 587 1541 612 ven-

215 636 308 675 dito.
368 639 568 678 Valetudo
597 646 663 677 tua
693 652 756 677 me
785 639 899 677 valde
928 640 1137 678 conturbat
1152 654 1161 686 3
1191 638 1410 688 significant
1434 637 1539 676 enim
1559 646 1584 674 2

215 710 304 741 tuae
336 702 485 742 litterae
515 711 553 742 te
582 717 738 754 prorsus
769 703 955 742 laborare.
1017 706 1102 753 Ego
1128 710 1271 749 autem,
1305 715 1395 740 cum
1417 702 1538 740 sciam

214 780 332 816 quam
354 767 404 805 sis
426 767 543 814 fortis,
567 767 837 806 vehementius
858 781 943 806 esse
964 767 1154 818 quiddam
1176 766 1353 816 suspicor
1372 767 1480 816 quod
1502 774 1540 804 te

157 845 195 867 10
214 840 327 882 cogat
366 833 505 871 cedere
544 840 582 871 et
620 846 742 884 prope
787 834 951 872 modum
990 832 1182 882 infringat.
1255 831 1339 870 Etsi
1376 833 1538 871 alteram

214 904 444 946 quartanam
467 897 695 948 Pamphilus
716 905 805 935 tuus
836 897 931 935 mihi
952 897 1048 935 dixit
1072 896 1287 936 decessisse
1312 903 1350 934 et
1375 898 1537 935 alteram

213 960 398 999 leviorem
437 963 636 1000 accedere.
695 962 881 1000 Terentia
917 975 1019 1008 vero,
1062 975 1163 1013 quae
1198 961 1360 1011 quidem
1394 962 1536 999 eodem

213 1032 389 1076 tempore
418 1027 469 1064 ad
498 1034 651 1076 portam
683 1026 962 1064 Brundisinam
983 1026 1089 1065 venit
1118 1039 1199 1076 quo
1226 1038 1298 1075 ego
1320 1025 1359 1062 in
1379 1032 1536 1075 portum

212 1091 387 1140 mihique
417 1091 533 1129 obvia
560 1091 599 1129 in
620 1093 704 1130 foro
733 1091 815 1138 fuit,
840 1093 883 1129 L.
917 1091 1102 1130 Pontium
1135 1091 1210 1129 sibi
1239 1090 1280 1129 in
1309 1091 1536 1129 Trebulano

154 1165 189 1197 15
211 1155 354 1194 dixisse
375 1156 555 1194 narrabat
585 1156 702 1195 etiam
732 1170 819 1195 eam
839 1156 1066 1195 decessisse.
1126 1156 1248 1204 Quod
1269 1155 1300 1193 si
1320 1155 1373 1193 ita
1393 1162 1461 1201 est,
1484 1161 1540 1194 est

211 1222 319 1270 quod
340 1221 508 1260 maxime
530 1235 592 1260 me
609 1223 766 1260 hercule
787 1228 882 1272 opto
902 1221 1022 1272 idque
1049 1234 1163 1271 spero
1184 1228 1250 1259 tua
1270 1220 1477 1271 prudentia
1498 1228 1536 1259 et

210 1286 468 1336 temperantia
489 1294 526 1325 te
547 1295 815 1325 consecutum.

262 1351 393 1390 Venio
413 1352 464 1390 ad
485 1351 669 1402 epistulas
691 1360 776 1390 tuas
794 1367 804 1399 ,-
834 1365 930 1402 quas
951 1365 1023 1401 ego
1044 1358 1241 1390 sescentas
1262 1364 1342 1390 uno
1359 1358 1534 1401 tempore
1555 1360 1579 1397 3

209 1416 353 1466 accepi,
378 1416 493 1454 aliam
510 1416 585 1455 alia
601 1416 885 1463 iucundiorem,
905 1430 1005 1466 quae
1019 1416 1181 1465 quidem
1195 1423 1304 1455 erant
1320 1423 1386 1453 tua
1403 1429 1532 1454 manu.

152 1494 189 1515 20
209 1470 313 1518 Nam
335 1481 511 1520 Alexidis
540 1495 701 1520 manum
728 1483 910 1520 amabam
936 1483 1044 1531 quod
1069 1489 1148 1519 tam
1178 1494 1300 1531 prope
1320 1481 1535 1520 accedebat

208 1547 258 1584 ad
280 1545 577 1585 similitudinem
599 1554 700 1595 tuae,
723 1547 867 1585 litteras
884 1560 965 1585 non
981 1546 1164 1584 amabam
1178 1547 1286 1596 quod
1307 1545 1535 1585 indicabant

209 1618 246 1649 te
267 1624 348 1649 non
369 1612 506 1650 valere.
569 1611 692 1651 Cuius
722 1611 910 1662 quoniam
941 1610 1090 1650 mentio
1119 1612 1221 1649 facta
1248 1618 1316 1658 est,
1346 1610 1534 1649 Tironem

210 1675 332 1713 Patris
362 1689 520 1726 aegrum
552 1676 700 1727 reliqui,
728 1677 1034 1724 adulescentem,
1067 1682 1109 1713 ut
1138 1674 1242 1713 nosti
1273 1674 1328 1725 (et
1355 1676 1469 1722 adde,
1503 1675 1533 1714 si

209 1739 305 1789 quid
325 1740 410 1791 vis),
434 1742 613 1791 probum.
674 1741 784 1779 Nihil
805 1740 885 1779 vidi
915 1740 1064 1779 melius.
1126 1741 1266 1789 Itaque
1287 1752 1400 1778 careo
1420 1753 1534 1791 aegre

151 1818 189 1849 25
210 1812 258 1850 et,
282 1817 523 1855 quamquam
544 1805 749 1844 videbatur
770 1820 811 1845 se
831 1819 912 1844 non
934 1804 1098 1855 graviter
1119 1805 1273 1850 habere,
1294 1812 1426 1843 tamen
1447 1818 1533 1843 sum

210 1868 397 1907 sollicitus
424 1870 714 1920 maximamque
745 1884 854 1920 spem
887 1871 1016 1908 habeo
1043 1869 1083 1907 in
1113 1871 1179 1907 Μ’.
1205 1868 1299 1908 Curi
1333 1869 1534 1919 diligentia

209 1934 259 1971 de
286 1946 364 1982 qua
392 1935 442 1972 ad
472 1948 535 1972 me
566 1935 719 1985 scripsit
752 1935 847 1973 Tiro
879 1942 918 1974 et
952 1934 1064 1972 multi
1093 1933 1332 1972 nuntiarunt.
1393 1934 1533 1974 Curius

208 2005 340 2036 autem
365 1998 448 2048 ipse
477 1998 597 2037 sensit
625 2012 743 2048 quam
772 2006 813 2037 tu
833 2000 952 2038 velles
981 2011 1022 2037 se
1041 2011 1065 2036 a
1085 2011 1148 2036 me
1174 1997 1282 2048 diligi
1309 2006 1347 2036 et
1374 2011 1422 2037 eo
1446 2012 1532 2037 sum

252 2103 273 2131 6
295 2101 432 2132 vendita
458 2100 641 2131 Gronovius
786 2111 803 2139 7
827 2100 994 2132 Valetudo
1021 2100 1066 2132 C:
1092 2101 1278 2131 invalitudo
1295 2099 1343 2140 M,
1362 2101 1400 2139 ef.
1420 2109 1451 2139 5.
1473 2111 1486 2130 1
1505 2104 1535 2131 et

209 2144 368 2176 Sclmzalz
384 2145 390 2159 ‘
404 2144 436 2173 A
443 2143 666 2174 ntt'barbarus’
683 2144 702 2176 i.
723 2146 786 2182 716
919 2153 956 2183 15
981 2148 1032 2174 est
1043 2144 1117 2175 add.
1132 2144 1252 2174 Rosius
1340 2153 1378 2174 21
1406 2143 1534 2175 litteras

209 2212 217 2219 .
237 2212 244 2219 .
265 2211 273 2219 .
298 2187 490 2218 indicabant
515 2187 703 2218 Meutsner:
728 2187 861 2217 litterae
879 2211 886 2218 .
904 2210 911 2217 .
934 2210 941 2217 .
959 2187 1129 2218 indicabat
1153 2187 1241 2218 codd.
1262 2187 1350 2227 vulg.
1492 2197 1533 2226 23

203 2234 279 2272 post
298 2231 546 2262 adulescentem
569 2229 645 2261 add.
664 2230 861 2269 diligentem
883 2230 1003 2269 Aldus,
1029 2231 1094 2261 coll.
1115 2231 1157 2261 vi.
1177 2240 1205 2268 7.
1225 2240 1244 2260 2
1261 2241 1269 2269 ;
1303 2229 1379 2261 add.
1397 2230 1532 2260 doctum

214 2274 412 2314 Wesenberg,
433 2274 501 2305 coll.
520 2284 553 2305 x.
575 2283 622 2313 17.
643 2283 656 2304 1
674 2285 682 2312 ;
714 2274 750 2313 cf.
768 2273 851 2304 Hor.
878 2273 952 2305 Sat.
970 2273 1001 2303 ii.
1021 2283 1048 2312 7.
1067 2283 1128 2312 39:
1153 2273 1235 2316 fort.
1261 2273 1400 2313 probum
1426 2277 1531 2304 trans-

201 2316 393 2356 ponendum
414 2321 489 2358 post
510 2318 599 2348 nosti
776 2326 816 2357 25
846 2322 880 2348 et
898 2320 921 2348 Σ
939 2328 946 2348 :
969 2327 1034 2349 om.
1051 2317 1089 2348 M
1264 2319 1306 2348 28
1334 2327 1371 2348 se
1388 2320 1411 2349 Σ
1427 2318 1532 2349 Ant.:

207 2369 270 2391 om.
291 2361 322 2391 Δ
