1817 2832
154 137 225 174 VI.
243 137 258 173 i

238 943 255 970 1

228 1596 253 1623 2

625 137 681 174 M.
713 137 882 174 TVLLI
914 136 1222 176 CICERONIS

276 247 516 286 Academiae
554 246 789 285 fecerimus?
839 248 990 286 ‘Puto'
1025 246 1191 297 inquies.
1254 248 1357 298 Ergo
1397 248 1438 288 id
1476 248 1606 299 ipsum

276 312 420 350 scribes
447 313 498 349 ad
523 325 599 350 me.
658 311 855 360 Equidem
876 313 991 350 valde
1015 311 1118 362 ipsas
1139 313 1316 350 Athenas
1342 326 1443 352 amo.
1502 315 1607 352 Volo

275 390 359 415 esse
386 377 549 426 aliquod
576 384 905 424 monumentum3
935 376 1001 415 odi
1025 378 1141 415 falsas
1166 377 1439 426 inscriptiones
1467 385 1609 417 statua-

275 455 360 479 rum
398 441 628 479 alienarum.
694 442 772 480 Sed
811 448 853 479 ut
892 440 962 479 tibi
1000 441 1183 491 placebit,
1219 442 1417 492 faciesque
1461 456 1524 481 me
1568 443 1607 480 in

275 519 393 555 quern
428 505 534 544 diem
567 507 751 543 Romana
784 505 961 544 incidant
995 505 1178 555 mysteria
1210 506 1416 545 certiorem
1455 514 1493 545 et
1527 520 1643 557 qu05

274 572 396 609 modo
417 570 613 608 hiemaris.
667 571 772 610 Cura
792 578 834 608 ut
855 572 994 609 valeas.
1050 572 1144 608 Post
1166 570 1413 610 Leuctricam
1434 584 1607 622 pugnam

275 635 339 674 die
359 634 710 686 septingentesimo
730 635 973 685 sexagesimo
994 635 1144 685 quinto.

318 765 366 800 ῙῙ
587 769 656 802 Ser.
680 769 855 801 Laodiceae
868 770 912 801 in.
935 781 978 800 m.
999 769 1080 801 Mai.
1097 781 1128 802 α.
1152 780 1213 811 704
1234 770 1321 813 (50).

690 852 865 884 CICERO
891 852 1065 883 ATTICO
1091 852 1189 884 SAL.

330 933 433 973 Cum
464 933 700 984 Philogenes
734 934 895 973 libertus
930 942 1020 973 tuus
1051 935 1292 974 Laodiceam
1325 937 1377 975 ad
1411 950 1475 975 me
1509 937 1608 975 salu·
1631 952 1667 974 10

273 998 384 1037 tandi
418 1012 537 1037 causa
570 999 739 1038 venisset
769 1008 807 1039 et
838 1014 878 1038 se
908 1000 1039 1038 statim
1069 1002 1119 1039 ad
1150 1008 1188 1039 te
1219 1000 1491 1051 navigaturum
1522 1015 1607 1040 esse

273 1063 431 1111 diceret,
466 1065 535 1102 has
570 1064 606 1103 ei
640 1064 785 1102 litteras
816 1065 909 1104 dedi
940 1065 1083 1115 quibus
1113 1067 1164 1104 ad
1199 1079 1264 1104 eas
1298 1065 1477 1116 rescripsi
1509 1080 1607 1116 quas

272 1142 501 1178 acceperam
540 1143 563 1168 a
602 1130 712 1168 Bruti
753 1130 966 1169 tabellario.
1046 1133 1097 1169 Et
1136 1131 1388 1180 respondebo
1434 1130 1605 1181 primum

271 1202 493 1244 postremae
523 1202 612 1233 tuae
642 1195 807 1245 paginae
841 1209 942 1246 quae
973 1195 1069 1234 mihi
1100 1209 1263 1246 magnae
1295 1195 1499 1235 molestiae
1533 1196 1605 1234 fuit

272 1260 380 1308 quod
401 1261 451 1298 ad
474 1268 510 1298 te
531 1260 719 1310 scriptum
744 1269 802 1299 est
821 1275 844 1298 a
865 1260 1006 1300 Cincio
1027 1262 1077 1299 de
1099 1260 1196 1299 Stati
1221 1274 1427 1309 sermone3
1456 1261 1496 1299 in
1524 1274 1605 1311 quo
1628 1277 1663 1309 ¹5

272 1325 348 1362 hoc
380 1325 701 1364 molestissimum
740 1334 809 1373 est,
847 1325 1014 1364 Statium
1047 1325 1177 1364 dicere
1210 1339 1233 1363 a
1267 1339 1331 1364 me
1370 1339 1531 1376 quoque
1564 1326 1606 1365 id

271 1389 480 1427 consilium
506 1390 672 1441 probari.
732 1391 1084 1429 Proham‘autem?
1141 1393 1202 1429 Dc
1230 1391 1305 1429 isto
1332 1392 1523 1430 hactenus
1551 1391 1607 1430 di-

271 1454 402 1503 xerim,
436 1468 498 1493 me
526 1456 586 1493 vel
614 1454 781 1506 plurima
805 1455 934 1493 vincla
961 1463 1093 1495 tecum
1115 1469 1294 1494 summae
1314 1456 1606 1495 coniunctionis

272 1527 417 1570 optare,
441 1520 513 1558 etsi
544 1528 635 1558 sunt
655 1520 798 1558 amoris
826 1520 1019 1558 artissima
1033 1536 1043 1568 3
1073 1528 1227 1559 tanturn
1248 1522 1361 1560 abest
1391 1529 1433 1559 ut
1458 1535 1531 1571 ego
1558 1536 1605 1560 ex

272 1597 319 1622 eo
351 1598 431 1634 quo
464 1585 610 1623 astricti
641 1599 776 1623 sumus
807 1585 924 1624 laxari
953 1585 1102 1636 aliquid
1132 1586 1260 1624 velim.
1322 1588 1441 1624 Illum
1470 1595 1602 1625 autern
1625 1601 1666 1623 πο

271 1651 395 1688 multa
415 1651 464 1687 de
486 1649 567 1688 istis
594 1651 710 1688 rebus
731 1650 905 1700 asperius
933 1652 1057 1688 solere
1078 1650 1186 1700 loqui
1215 1664 1332 1701 saepe
1359 1665 1446 1689 surn
1473 1664 1605 1701 exper-

271 1722 343 1761 tus,
378 1727 494 1765 saepe
529 1714 646 1753 etiam
679 1714 796 1752 lenivi
829 1714 980 1752 iratum.
1043 1716 1091 1753 Id
1126 1715 1223 1753 scire
1254 1722 1291 1753 te
1320 1715 1493 1753 arbitror.
1555 1717 1603 1754 In

270 1780 344 1817 hac
370 1786 502 1818 autem
533 1778 844 1828 peregrinatione
875 1779 1060 1817 militiave
1091 1787 1223 1817 nostra
1253 1793 1369 1830 saepe
1397 1780 1602 1819 incensum

270 1844 324 1882 ira
345 1843 434 1891 vidi,
458 1857 574 1893 saepe
596 1846 803 1894 placatum.
853 1844 962 1893 Quid
982 1846 1033 1882 ad
1056 1844 1221 1882 Statium
1239 1845 1433 1895 scripserit
1455 1846 1599 1884 nescio.

271 1908 472 1959 Quicquid
506 1916 663 1947 acturus
698 1910 748 1947 de
787 1909 853 1947 tali
893 1923 933 1948 re
967 1909 1049 1956 fuit,
1087 1909 1340 1948 scribendum
1380 1918 1513 1949 tamen
1551 1912 1601 1949 ad
1626 1923 1662 1956 25

269 1975 452 2012 libertum
484 1987 565 2011 non
605 1974 686 2012 fuit.
762 1973 863 2011 Mihi
897 1980 1029 2012 autem
1062 1974 1132 2012 erit
1167 1974 1359 2013 maximae
1398 1989 1514 2013 curae
1552 1989 1602 2014 ne

271 2039 367 2089 quid
388 2040 453 2076 fiat
475 2052 587 2076 secus
608 2052 726 2088 quarn
748 2041 930 2077 volumus
950 2051 1150 2088 quamque
1177 2047 1342 2089 oportet.
1402 2040 1488 2078 Nec
1510 2039 1601 2078 satis

270 2112 328 2142 est
366 2104 405 2141 in
437 2103 520 2142 eius
552 2103 661 2142 modi
696 2118 735 2142 re
775 2117 815 2142 se
850 2117 1050 2153 quemque
1089 2111 1283 2154 praestare
1321 2118 1367 2142 ac
1408 2104 1600 2143 maximae

270 2177 397 2221 partes
418 2168 526 2207 istius
543 2168 647 2207 offici
663 2175 754 2207 sunt
774 2167 883 2219 pueri
900 2167 1102 2207 Ciceronis
1119 2168 1199 2208 sive
1220 2168 1296 2207 iam
1313 2169 1576 2208 adulescentis
1591 2184 1601 2218 3

313 2285 332 2304 2
356 2274 446 2313 ipsas
463 2272 563 2309 codd„
585 2272 623 2313 cf.
641 2272 718 2303 adn.
740 2271 891 2302 Mz'illeri:
917 2272 1001 2302 istas
1017 2272 1096 2302 coni.
1121 2271 1221 2301 Orelli
1350 2282 1370 2311 3
1390 2276 1465 2312 post
1481 2282 1599 2303 monu-

270 2322 418 2348 mentum
444 2316 581 2347 addend.
610 2327 720 2346 meum
740 2319 839 2356 putat
861 2315 946 2345 Boot
1095 2325 1128 2344 11
1156 2314 1323 2355 venisset]
1349 2316 1398 2346 ln'c
1421 2315 1537 2346 desinit
1559 2315 1604 2345 W

274 2371 309 2399 17
336 2362 473 2391 Probari
491 2360 565 2391 add.
587 2364 656 2390 vett.
751 2360 916 2389 hactenus
928 2358 1069 2388 dixerim
1085 2357 1232 2398 Kayser:
1251 2359 1424 2390 hactenus.
1444 2359 1597 2390 Dixerim

268 2405 355 2445 vulg.
490 2405 532 2434 28
556 2414 594 2435 ac
613 2403 673 2434 M:
697 2402 763 2434 secl.
784 2402 934 2433 Ernesti:
947 2403 1029 2441 jort.
1051 2406 1085 2432 at
