1790 2837
702 132 1024 171 PRAEFATIO

200 239 547 290 Wurceburgensis
595 253 763 290 quorum
806 242 1022 291 fragmenta
1071 254 1196 291 pauca
1242 240 1523 291 pretiosissima

200 305 319 344 hodie
340 313 504 345 exstant.
554 306 656 345 Cum
673 305 737 344 hic
758 307 883 344 codex
903 313 940 344 et
961 305 1256 355 antiquissimus
1277 306 1324 344 sit
1345 306 1524 344 omnium

200 384 299 420 quos
346 371 539 408 habemus
578 378 616 409 et
655 378 697 408 ut
735 370 889 408 videtur
926 371 976 409 ab
1022 370 1389 420 interpolationibus
1428 371 1526 410 liber

200 435 359 473 maximi
387 436 655 474 aestimandus
686 443 755 474 est.
816 437 863 473 In
894 437 1051 473 saeculo
1081 436 1140 473 xvi
1172 437 1321 474 solutus
1351 444 1408 474 est
1428 436 1526 475 liber

200 500 239 538 in
275 500 393 549 partis
426 500 520 538 bina
550 500 642 538 folia
680 502 903 550 amplexas3
944 514 1107 549 quarum
1139 500 1307 551 partium
1342 509 1526 551 quattuor

200 565 382 604 inventae
403 573 492 604 sunt
513 579 614 615 quae
634 565 839 603 continent
857 565 915 615 (1)
942 565 990 603 vi.
1020 580 1050 604 1.
1078 578 1120 614 17
1144 567 1194 604 ad
1215 580 1246 602 2.
1271 580 1289 603 2
1312 573 1350 604 et
1373 580 1406 615 3.
1430 580 1454 613 4
1474 567 1525 605 ad

202 645 239 677 4.
265 644 311 678 13
342 630 583 682 (2)x.11.1
609 631 659 668 ad
685 641 742 680 15.
768 644 818 678 4;
849 630 909 679 (3)
937 630 1042 678 xi.4.
1072 632 1218 669 1ad6.
1244 638 1323 669 2et
1347 645 1405 669 20.
1433 632 1524 669 2ad

204 710 263 745 23.
289 709 336 745 33
366 695 426 747 (4)
452 695 501 734 xi.
534 707 565 744 7.
590 709 615 742 4
634 696 685 733 ad
711 709 768 734 12.
797 709 840 743 13
871 709 1028 734 necnon
1059 695 1120 747 (5)
1149 704 1333 745 quattuor
1362 697 1525 734 frustula

201 760 411 810 quinorum
432 773 614 798 versuum
645 773 691 798 ex
718 759 818 798 libro
845 774 904 807 xv,
928 760 1076 799 scilicet
1097 774 1143 798 ex
1167 775 1200 800 2.
1223 775 1270 808 4:
1300 774 1335 808 4.
1362 775 1376 798 1
1400 776 1406 798 :
1442 763 1498 798 16.
1519 777 1524 799 :

207 828 265 864 18.
293 840 324 872 1,
350 840 368 862 2
391 825 412 864 ¹.

258 890 457 940 Epistulas
487 891 537 928 ad
567 890 744 928 Atticum
775 889 953 928 inventas
982 890 1101 929 fuisse
1130 904 1153 928 a
1183 892 1391 929 Petrarcha
1420 904 1525 929 anno

207 967 303 1005 1345
340 955 379 993 in
413 955 655 993 bibliotheca
693 955 906 993 cathedrali
941 957 1151 1003 Veronae3
1193 970 1239 994 ex
1278 957 1354 994 hoc
1388 955 1526 994 codice

201 1020 435 1067 Veronensi,
449 1020 515 1070 qui
531 1022 632 1070 Epp.
649 1021 699 1058 ad
715 1022 878 1058 Brutum
893 1020 1036 1058 librum
1051 1020 1077 1067 i,
1092 1023 1165 1070 Ep.
1183 1022 1233 1059 ad
1248 1020 1524 1067 Octavianum,

203 1086 304 1135 Epp.
326 1086 377 1123 ad
399 1086 448 1133 Q.
473 1086 646 1122 Fratrem
672 1092 709 1122 et
729 1086 779 1122 ad
801 1084 977 1122 Atticum
1006 1086 1237 1134 praestabat,
1270 1098 1292 1123 a
1319 1086 1528 1123 Petrarcha

201 1151 425 1199 exemplum
464 1148 704 1199 descriptum
744 1148 886 1197 fuisseg
930 1157 968 1187 et
1006 1149 1187 1187 codicem
1226 1157 1264 1187 et
1303 1151 1526 1199 exemplum

202 1214 309 1252 brevi
347 1214 579 1261 evanuisse3
627 1227 756 1263 neque
795 1215 1067 1251 Veronensem
1116 1227 1245 1263 neque
1294 1215 1527 1252 Petrarchae

201 1280 457 1329 apographon
478 1292 562 1317 esse
584 1279 764 1317 codicem
794 1278 1023 1317 Mediceum
1045 1293 1107 1328 49.
1136 1281 1180 1316 18
1204 1278 1303 1329 (sis),
1328 1280 1397 1317 sed
1418 1279 1527 1316 illum

202 1344 382 1382 codicem
403 1343 492 1382 circ.
512 1357 661 1382 annum
687 1357 786 1392 1390
807 1343 1083 1381 mercennariis
1105 1343 1268 1381 librariis
1289 1357 1311 1380 a
1328 1343 1527 1393 Pasquino

203 1410 252 1447 de
274 1408 456 1458 Capellis,
477 1407 696 1447 Mediolani
717 1408 961 1455 cancellario,
981 1408 1019 1445 in
1042 1421 1156 1446 usum
1179 1408 1343 1447 Colucci
1364 1407 1527 1446 Salutati

205 1474 420 1513 Florentini
441 1488 525 1512 esse
546 1475 771 1512 confectum
799 1473 899 1512 inter
923 1473 1051 1512 omnis
1073 1480 1236 1512 constat.
1297 1474 1375 1511 Sed
1396 1481 1526 1511 utrum

206 1539 412 1577 Mediceus
452 1538 515 1577 ille
554 1546 756 1588 tamquam
796 1539 1098 1576 fundamentum
1139 1537 1186 1575 sit
1225 1539 1435 1587 ponendus
1474 1538 1527 1576 rei

203 1604 358 1643 criticae
390 1603 658 1653 Epistularum
692 1604 743 1641 ad
773 1602 965 1650 Atticum,
993 1616 1042 1640 an
1074 1602 1150 1640 sint
1179 1602 1243 1640 alii
1273 1602 1431 1640 codices
1461 1602 1527 1652 qui

203 1682 283 1707 non
304 1682 350 1707 ex
369 1670 428 1706 sl!
440 1669 640 1718 pendeant
661 1668 809 1718 quique
835 1681 1003 1717 aequam
1032 1675 1268 1717 potestatem
1294 1681 1384 1705 cum
1405 1669 1464 1705 M
1476 1667 1530 1705 ita

203 1733 277 1772 sibi
297 1733 498 1772 vindicent
518 1741 560 1771 ut
580 1734 731 1771 Mnon
753 1741 795 1771 ut
823 1741 938 1771 antea
968 1732 1111 1782 primas
1136 1732 1254 1782 partis
1282 1734 1386 1770 solus
1416 1746 1529 1781 agere

202 1798 336 1850 possit,
359 1798 459 1836 inter
477 1798 579 1837 viros
600 1799 740 1837 doctos
760 1799 874 1836 valde
901 1798 1152 1847 disceptatur.
1213 1799 1389 1846 Quarum
1418 1797 1530 1836 ratio-

204 1878 299 1902 num
320 1864 505 1913 equidem
526 1865 576 1902 ad
597 1863 853 1914 posteriorem
875 1862 997 1912 magis
1018 1862 1176 1900 inclino.

258 1930 307 1967 ln
336 1928 577 1979 praefatione
607 1928 792 1967 editionis
822 1927 1106 1967 Cratandrinae
1136 1940 1171 1977 p.
1204 1940 1228 1974 4
1258 1928 1355 1965 haec
1385 1927 1529 1977 scripta

205 2001 296 2032 sunt
313 2009 376 2032 :—

253 2089 461 2134 ‘Imprimis
490 2101 578 2124 usus
612 2100 694 2124 sum
729 2088 920 2123 codicibus
948 2089 1047 2123 haud
1083 2088 1317 2123 mediocriter
1352 2090 1526 2124 vetustis:

205 2159 359 2194 quorum
386 2147 447 2181 alii
473 2159 546 2182 non
570 2147 692 2192 parvis
712 2147 909 2192 impendiis
935 2158 1052 2192 neque
1078 2147 1216 2191 vulgari
1237 2147 1529 2192 peregrinatione

251 2244 258 2260 ¹
285 2245 336 2274 De
364 2244 414 2283 (1)
441 2248 475 2274 et
501 2244 551 2282 (4)
577 2243 737 2274 disseruit
770 2243 919 2282 Spengel
950 2242 980 2272 in
1013 2243 1200 2273 ‘Gelehrte
1226 2243 1376 2281 Anzeige
1403 2243 1463 2273 der
1485 2242 1526 2273 K.

207 2288 426 2327 bayerischer
452 2286 654 2317 Academic'
675 2288 756 2325 1846
782 2297 837 2326 pp.
868 2288 933 2326 926
959 2296 1043 2325 sqq.,
1071 2288 1134 2325 916
1162 2296 1257 2325 sqq.:
1281 2287 1322 2316 de
1351 2289 1400 2324 k2)
1424 2291 1456 2316 et
1478 2287 1528 2325 (5)

211 2332 361 2370 Schepss
387 2331 419 2360 in
447 2330 596 2360 ‘Blatter
620 2330 673 2360 fiir
700 2331 759 2360 das
788 2330 989 2368 bayerische
1017 2330 1448 2369 Gymnasialschulwesen’
1472 2340 1529 2360 xx.

207 2385 263 2415 pp.
292 2384 321 2412 7,
351 2384 432 2404 111:
458 2374 499 2404 de
529 2374 579 2413 (3)
608 2373 707 2404 Halm
740 2373 772 2404 in
802 2373 1050 2404 ‘Rheinischcs
1083 2372 1257 2404 Museum'
1283 2373 1374 2404 xviii.
1400 2374 1524 2414 (1863),

208 2428 239 2458 p.
257 2418 322 2458 406
338 2427 386 2457 sq.
