1817 2832
666 145 780 182 EPP.
813 145 890 183 AD
920 145 1179 185 ATTICVM
1509 145 1587 183 ΙΙΙ.
1606 145 1716 182 xxiii

250 261 320 292 tur.
379 254 458 293 Sed
487 253 519 292 si
545 261 604 292 est
629 253 778 304 aliquid
808 254 847 292 in
868 267 948 304 spe,
971 252 1061 292 vide
1087 254 1213 304 legem
1241 267 1359 303 quam
1380 255 1426 292 T.
1450 252 1576 291 Fadio

251 319 403 369 scripsit
435 319 630 357 Visellius.
703 321 762 357 Ea
797 319 893 357 mihi
931 320 1152 368 perplacet;
1195 333 1287 358 nam
1321 319 1420 358 Sesti
1455 317 1578 357 nostri

251 396 370 433 quam
392 391 433 422 tu
455 384 524 422 tibi
546 384 700 434 probari
722 384 858 423 scribis
880 384 975 421 mihi
997 397 1075 422 non
1097 386 1235 433 placet.

306 449 439 487 Tertia
471 457 530 488 est
562 449 730 498 epistula
761 449 885 499 pridie
921 450 1016 487 Idus
1051 449 1265 487 Novembr.
1299 450 1399 495 data,
1432 448 1471 486 in
1502 457 1622 498 qua5

213 525 229 556 5
253 514 415 563 exponis
437 515 648 564 prudenter
668 522 706 552 et
727 514 932 563 diligenter
951 527 1052 562 quae
1073 513 1149 551 sint
1170 527 1270 563 quae
1292 528 1372 552 rem
1394 514 1580 552 distinere

253 578 472 626 videantur,
487 580 538 618 de
560 581 711 626 Crasso,
731 581 781 618 de
804 578 1004 629 Pompeio,
1021 580 1071 617 de
1091 579 1239 617 ceteris.
1282 581 1372 627 Qua
1392 593 1431 617 re
1453 592 1521 617 oro
1542 586 1580 616 te

254 651 305 689 ut,
347 643 378 681 si
417 657 495 693 qua
532 657 621 694 spes
655 643 725 682 erit
763 657 879 694 posse
917 643 1054 681 studiis
1093 644 1303 690 bonorum,
1335 643 1577 689 auctoritate,

255 708 506 747 multitudine
540 716 766 758 comparata
803 722 884 746 rem
922 707 1074 754 confici,
1111 709 1181 746 des
1220 721 1379 758 operam
1418 715 1461 745 ut
1499 721 1579 745 uno

255 772 404 823 impetu
442 773 739 824 perfringantur,
769 774 809 811 in
848 787 935 812 eam
973 786 1054 811 rem
1098 773 1305 812 incumbas
1349 781 1580 822 ceterosque

196 854 234 875 10
255 838 409 877 excites.
467 839 550 886 Sin,
580 847 622 877 ut
653 853 726 889 ego
768 839 961 889 perspicio
999 852 1090 876 cum
1128 846 1196 876 tua
1233 838 1457 877 coniectura
1495 846 1578 875 tum

255 903 372 941 etiam
403 917 500 950 mea,
532 904 615 953 spei
645 904 741 941 nihil
771 912 838 949 est,
861 917 931 942 oro
961 904 1215 953 obtestorque
1244 910 1282 941 te
1311 911 1352 941 ut
1383 902 1578 951 Quintum

255 969 410 1006 fratrem
436 982 545 1006 ames
572 983 690 1018 quem
717 982 790 1018 ego
815 968 999 1006 miserum
1028 968 1167 1006 misere
1191 968 1343 1018 perdidi
1364 981 1463 1006 neve
1484 968 1580 1017 quid

255 1047 346 1071 eum
368 1033 514 1083 patiare
533 1033 686 1083 gravius
714 1035 917 1072 consulere
944 1035 993 1072 de
1014 1047 1055 1072 se
1082 1047 1201 1083 quam
1231 1033 1413 1083 expediat
1439 1032 1580 1070 sororis

256 1106 345 1136 tuae
385 1099 478 1146 filio,
512 1112 644 1137 meum
677 1099 910 1138 Ciceronem
945 1098 1038 1148 quoi
1076 1098 1173 1136 nihil
1212 1098 1364 1136 misello
1402 1097 1581 1147 relinquo

197 1178 233 1210 15
256 1171 407 1213 praeter
426 1163 613 1202 invidiam
641 1171 679 1202 et
705 1163 961 1213 ignominiam
989 1163 1160 1202 nominis
1188 1163 1265 1201 mei
1291 1170 1423 1201 tueare
1448 1163 1581 1212 quoad

256 1229 411 1278 poteris,
444 1229 685 1276 Terentiam,
719 1243 837 1267 unam
872 1228 1050 1267 omnium
1077 1228 1473 1274 aerumnosissimam,
1504 1241 1583 1266 sus-

256 1300 382 1331 tentes
403 1293 479 1331 tuis
499 1294 646 1332 officiis.
705 1296 790 1343 Ego
810 1294 850 1332 in
873 1294 1037 1344 Epirum
1057 1293 1281 1344 proficiscar
1300 1306 1421 1342 quom
1443 1292 1584 1342 primo-

256 1371 339 1395 rum
371 1357 523 1395 dierum
554 1358 712 1396 nuntios
742 1372 942 1408 excepero.
1001 1360 1063 1395 Tu
1091 1358 1144 1395 ad
1168 1371 1231 1395 me
1254 1356 1371 1395 velim
1398 1355 1582 1406 proximis

257 1422 392 1460 litteris
422 1431 465 1461 ut
493 1436 534 1462 se
564 1422 673 1461 initia
706 1423 886 1462 dederint
917 1422 1143 1474 perscribas.
1205 1423 1308 1460 Data
1336 1421 1461 1472 pridie
1491 1422 1579 1460 Kal.

197 1502 235 1524 20
259 1488 468 1527 Decembr.

298 1621 452 1657 XXIV
584 1625 654 1657 Scr.
671 1624 837 1666 Dyrrachi
845 1626 876 1656 iv
890 1624 940 1656 Id.
957 1624 1030 1655 Dec.
1050 1634 1082 1656 α.
1103 1623 1167 1664 696
1180 1624 1265 1665 (58).

675 1703 851 1734 CICERO
875 1702 1048 1733 ATTICO
1073 1702 1170 1733 SAL.

309 1781 440 1818 Antea
460 1793 581 1830 quom
597 1780 647 1818 ad
665 1794 727 1818 me
748 1779 997 1830 scripsissetis
1013 1786 1141 1817 vestro
1162 1791 1358 1817 consensu
1375 1777 1582 1816 consulum
1601 1784 1618 1812 1

257 1844 475 1895 provincias
505 1852 662 1883 ornatas
691 1858 789 1892 esse,
819 1844 890 1882 etsi
919 1844 1080 1882 verebar
1108 1856 1296 1893 quorsum
1331 1842 1371 1881 id
1402 1855 1584 1880 casurum

199 1926 236 1957 25
259 1917 369 1956 esset,
400 1917 532 1948 tamen
563 1910 767 1960 sperabam
797 1923 866 1948 vos
895 1908 1043 1958 aliquid
1075 1908 1288 1957 aliquando
1322 1907 1465 1945 vidisse
1499 1920 1585 1956 pru-

259 1973 440 2021 dentius3
469 1981 606 2023 postea
627 1987 744 2023 quam
769 1973 865 2011 mihi
886 1981 923 2012 et
950 1973 1099 2012 dictum
1121 1980 1179 2011 est
1200 1980 1237 2010 et
1265 1971 1450 2022 scriptum
1472 1973 1584 2010 vehe-

260 2045 410 2076 menter
441 2038 647 2076 consilium
682 2047 852 2077 vestrum
892 2037 1134 2088 reprehendi,
1167 2051 1253 2075 sum
1286 2036 1450 2087 graviter
1479 2050 1584 2074 com-

260 2110 401 2149 motus,
425 2105 532 2152 quod
562 2103 627 2141 illa
651 2103 734 2154 ipsa
763 2118 851 2154 spes
878 2103 1015 2152 exigua
1044 2117 1144 2152 quae
1171 2110 1251 2141 erat
1278 2102 1473 2140 videretur
1499 2115 1583 2139 esse

259 2168 422 2205 sublata.
484 2169 589 2205 Nam
616 2168 647 2206 si
671 2168 816 2206 tribuni
843 2169 892 2218 pl.
923 2167 1037 2206 nobis
1065 2174 1305 2213 suscensent,
1329 2179 1429 2215 quae
1456 2173 1586 2215 potest

304 2283 322 2302 2
348 2272 505 2302 Visellius
531 2272 709 2302 Ascensz'tls
734 2271 793 2309 (cd.
818 2272 839 2301 1'
862 2284 867 2302 ;
906 2271 943 2302 T.
965 2271 1122 2301 Visellius
1151 2269 1239 2301 codd.
1396 2280 1417 2308 9
1443 2269 1584 2307 perfrin-

261 2320 385 2355 gantnr
402 2315 421 2344 I
440 2314 646 2354 lVesenberg:
679 2320 767 2345 -atur
784 2314 843 2345 M:
875 2315 952 2344 —atis
970 2314 1048 2345 coni.
1068 2313 1152 2343 Reid
1284 2323 1322 2343 12
1346 2313 1424 2351 qnid
1443 2323 1518 2343 eum
1536 2313 1584 2342 E:

261 2359 398 2397 quidem
418 2358 563 2388 OHNM
696 2369 732 2397 15
758 2363 872 2388 tueare
895 2357 1010 2388 Mam:
1037 2362 1131 2387 tuere
1150 2356 1237 2387 codd.
1378 2367 1415 2395 19
1440 2362 1474 2386 ut
1490 2356 1585 2386 initia

262 2402 444 2433 ceciderint
461 2402 547 2432 Reid
561 2401 626 2432 coll.
648 2412 698 2440 24.
716 2412 734 2431 2
867 2402 908 2431 28
933 2401 1104 2431 videretur
1120 2399 1240 2431 Lamb.
1260 2411 1265 2429 :
1290 2399 1423 2430 videtur
1440 2399 1478 2429 M
