<?xml version="1.0" encoding="UTF-8"?>
<!DOCTYPE html PUBLIC "-//W3C//DTD XHTML 1.0 Transitional//EN"
    "http://www.w3.org/TR/xhtml1/DTD/xhtml1-transitional.dtd">
<html xmlns="http://www.w3.org/1999/xhtml" xml:lang="en" lang="en">
 <head>
  <title>
</title>
<meta http-equiv="Content-Type" content="text/html;charset=utf-8" />
  <meta name='ocr-system' content='tesseract 3.04.00' />
  <meta name='ocr-capabilities' content='ocr_page ocr_carea ocr_par ocr_line ocrx_word'/>
</head>
<body>
  <div class='ocr_page' id='page_1' title='image "./epistulaerecogno0201ciceuoft_0068.png"; bbox 0 0 1790 2837; ppageno 0'>
   <div class='ocr_carea' id='block_1_1' title="bbox 117 131 1154 173">
    <p class='ocr_par' dir='ltr' id='par_1_1' title="bbox 117 131 1154 173">
     <span class='ocr_line' id='line_1_1' title="bbox 117 131 1154 173; baseline 0.002 -2"><span class='ocrx_word' id='word_1_1' title='bbox 117 132 172 171; x_wconf 91' lang='grc' dir='ltr'>ΙΙ.</span> <span class='ocrx_word' id='word_1_2' title='bbox 190 131 205 170; x_wconf 88' lang='lat' dir='ltr'>i</span> <span class='ocrx_word' id='word_1_3' title='bbox 558 134 615 172; x_wconf 91' lang='grc' dir='ltr'>Μ.</span> <span class='ocrx_word' id='word_1_4' title='bbox 647 134 817 172; x_wconf 92' lang='lat' dir='ltr'>TVLLI</span> <span class='ocrx_word' id='word_1_5' title='bbox 847 134 1154 173; x_wconf 88' lang='lat' dir='ltr'>CICERONIS</span> 
     </span>
    </p>
   </div>
   <div class='ocr_carea' id='block_1_2' title="bbox 119 243 1582 2177">
    <p class='ocr_par' dir='ltr' id='par_1_2' title="bbox 119 243 1582 2177">
     <span class='ocr_line' id='line_1_2' title="bbox 186 243 1521 295; baseline 0 -13"><span class='ocrx_word' id='word_1_6' title='bbox 186 244 298 291; x_wconf 89' lang='lat' dir='ltr'>Cato,</span> <span class='ocrx_word' id='word_1_7' title='bbox 331 244 506 282; x_wconf 79' lang='lat' dir='ltr'>adsensit</span> <span class='ocrx_word' id='word_1_8' title='bbox 535 252 693 282; x_wconf 88' lang='lat' dir='ltr'>senatus</span> <span class='ocrx_word' id='word_1_9' title='bbox 709 259 719 292; x_wconf 77' lang='lat'><em>3</em></span> <span class='ocrx_word' id='word_1_10' title='bbox 747 244 900 295; x_wconf 79' lang='lat' dir='ltr'>equites</span> <span class='ocrx_word' id='word_1_11' title='bbox 932 245 1061 284; x_wconf 87' lang='lat' dir='ltr'>curiae</span> <span class='ocrx_word' id='word_1_12' title='bbox 1092 246 1255 294; x_wconf 89' lang='lat' dir='ltr'>bellum,</span> <span class='ocrx_word' id='word_1_13' title='bbox 1286 258 1368 284; x_wconf 90' lang='lat' dir='ltr'>non</span> <span class='ocrx_word' id='word_1_14' title='bbox 1399 243 1495 283; x_wconf 90' lang='lat' dir='ltr'>mihi</span> <span class='ocrx_word' id='word_1_15' title='bbox 1510 258 1521 293; x_wconf 78' lang='lat'><em>3</em></span> 
     </span>
     <span class='ocr_line' id='line_1_3' title="bbox 185 308 1520 360; baseline 0 -14"><span class='ocrx_word' id='word_1_16' title='bbox 185 322 277 346; x_wconf 91' lang='lat' dir='ltr'>nam</span> <span class='ocrx_word' id='word_1_17' title='bbox 300 322 372 358; x_wconf 91' lang='lat' dir='ltr'>ego</span> <span class='ocrx_word' id='word_1_18' title='bbox 394 308 571 347; x_wconf 87' lang='lat' dir='ltr'>dissensi.</span> <span class='ocrx_word' id='word_1_19' title='bbox 632 309 742 357; x_wconf 86' lang='lat' dir='ltr'>Quid</span> <span class='ocrx_word' id='word_1_20' title='bbox 762 309 1034 359; x_wconf 87' lang='lat' dir='ltr'>impudentius</span> <span class='ocrx_word' id='word_1_21' title='bbox 1054 309 1276 360; x_wconf 81' lang='lat' dir='ltr'>publicanis</span> <span class='ocrx_word' id='word_1_22' title='bbox 1296 309 1520 348; x_wconf 89' lang='lat' dir='ltr'>renuntian-</span> 
     </span>
     <span class='ocr_line' id='line_1_4' title="bbox 185 372 1516 413; baseline 0.002 -3"><span class='ocrx_word' id='word_1_23' title='bbox 185 372 319 410; x_wconf 87' lang='lat' dir='ltr'>tibus?</span> <span class='ocrx_word' id='word_1_24' title='bbox 352 373 424 411; x_wconf 85' lang='lat' dir='ltr'>fuit</span> <span class='ocrx_word' id='word_1_25' title='bbox 454 380 587 411; x_wconf 89' lang='lat' dir='ltr'>tamen</span> <span class='ocrx_word' id='word_1_26' title='bbox 613 373 809 412; x_wconf 89' lang='lat' dir='ltr'>retinendi</span> <span class='ocrx_word' id='word_1_27' title='bbox 836 373 986 413; x_wconf 90' lang='lat' dir='ltr'>ordinis</span> <span class='ocrx_word' id='word_1_28' title='bbox 1006 387 1125 413; x_wconf 88' lang='lat' dir='ltr'>causa</span> <span class='ocrx_word' id='word_1_29' title='bbox 1153 373 1333 413; x_wconf 86' lang='lat' dir='ltr'>facienda</span> <span class='ocrx_word' id='word_1_30' title='bbox 1359 374 1516 412; x_wconf 88' lang='lat' dir='ltr'>iactura.</span> 
     </span>
     <span class='ocr_line' id='line_1_5' title="bbox 187 437 1519 490; baseline 0.003 -16"><span class='ocrx_word' id='word_1_31' title='bbox 187 437 348 475; x_wconf 84' lang='lat' dir='ltr'>Restitit</span> <span class='ocrx_word' id='word_1_32' title='bbox 378 444 416 476; x_wconf 87' lang='lat' dir='ltr'>et</span> <span class='ocrx_word' id='word_1_33' title='bbox 449 438 614 488; x_wconf 89' lang='lat' dir='ltr'>pervicit</span> <span class='ocrx_word' id='word_1_34' title='bbox 640 440 752 477; x_wconf 89' lang='lat' dir='ltr'>Cato.</span> <span class='ocrx_word' id='word_1_35' title='bbox 813 439 957 490; x_wconf 87' lang='lat' dir='ltr'>Itaque</span> <span class='ocrx_word' id='word_1_36' title='bbox 983 452 1093 478; x_wconf 84' lang='lat' dir='ltr'>nunc</span> <span class='ocrx_word' id='word_1_37' title='bbox 1119 441 1284 478; x_wconf 90' lang='lat' dir='ltr'>consule</span> <span class='ocrx_word' id='word_1_38' title='bbox 1304 439 1343 477; x_wconf 86' lang='lat' dir='ltr'>in</span> <span class='ocrx_word' id='word_1_39' title='bbox 1365 452 1519 478; x_wconf 87' lang='lat' dir='ltr'>carcere</span> 
     </span>
     <span class='ocr_line' id='line_1_6' title="bbox 185 502 1557 554; baseline 0.001 -14"><span class='ocrx_word' id='word_1_40' title='bbox 185 502 349 550; x_wconf 90' lang='lat' dir='ltr'>incluso,</span> <span class='ocrx_word' id='word_1_41' title='bbox 391 516 508 553; x_wconf 81' lang='lat' dir='ltr'>saepe</span> <span class='ocrx_word' id='word_1_42' title='bbox 551 502 646 541; x_wconf 88' lang='lat' dir='ltr'>item</span> <span class='ocrx_word' id='word_1_43' title='bbox 685 503 879 542; x_wconf 90' lang='lat' dir='ltr'>seditione</span> <span class='ocrx_word' id='word_1_44' title='bbox 920 511 1132 551; x_wconf 89' lang='lat' dir='ltr'>commota,</span> <span class='ocrx_word' id='word_1_45' title='bbox 1178 503 1361 554; x_wconf 79' lang='lat' dir='ltr'>aspiravit</span> <span class='ocrx_word' id='word_1_46' title='bbox 1399 517 1557 549; x_wconf 79' lang='lat' dir='ltr'>nem05</span> 
     </span>
     <span class='ocr_line' id='line_1_7' title="bbox 185 567 1519 619; baseline 0 -13"><span class='ocrx_word' id='word_1_47' title='bbox 185 581 321 606; x_wconf 90' lang='lat' dir='ltr'>eorum</span> <span class='ocrx_word' id='word_1_48' title='bbox 344 581 512 617; x_wconf 92' lang='lat' dir='ltr'>quorum</span> <span class='ocrx_word' id='word_1_49' title='bbox 542 582 615 618; x_wconf 88' lang='lat' dir='ltr'>ego</span> <span class='ocrx_word' id='word_1_50' title='bbox 645 582 839 607; x_wconf 85' lang='lat' dir='ltr'>concursu</span> <span class='ocrx_word' id='word_1_51' title='bbox 869 569 1044 619; x_wconf 85' lang='lat' dir='ltr'>itemque</span> <span class='ocrx_word' id='word_1_52' title='bbox 1074 568 1100 607; x_wconf 93' lang='lat' dir='ltr'>ii</span> <span class='ocrx_word' id='word_1_53' title='bbox 1126 570 1309 607; x_wconf 88' lang='lat' dir='ltr'>consules</span> <span class='ocrx_word' id='word_1_54' title='bbox 1333 567 1400 619; x_wconf 90' lang='lat' dir='ltr'>qui</span> <span class='ocrx_word' id='word_1_55' title='bbox 1429 575 1519 618; x_wconf 87' lang='lat' dir='ltr'>post</span> 
     </span>
     <span class='ocr_line' id='line_1_8' title="bbox 184 633 1518 684; baseline 0.001 -14"><span class='ocrx_word' id='word_1_56' title='bbox 184 646 249 671; x_wconf 89' lang='lat' dir='ltr'>me</span> <span class='ocrx_word' id='word_1_57' title='bbox 296 634 454 671; x_wconf 86' lang='lat' dir='ltr'>fuerunt</span> <span class='ocrx_word' id='word_1_58' title='bbox 501 647 584 671; x_wconf 90' lang='lat' dir='ltr'>rem</span> <span class='ocrx_word' id='word_1_59' title='bbox 623 633 824 684; x_wconf 82' lang='lat' dir='ltr'>publicam</span> <span class='ocrx_word' id='word_1_60' title='bbox 862 635 1077 672; x_wconf 88' lang='lat' dir='ltr'>defendere</span> <span class='ocrx_word' id='word_1_61' title='bbox 1116 634 1307 672; x_wconf 88' lang='lat' dir='ltr'>solebant.</span> <span class='ocrx_word' id='word_1_62' title='bbox 1388 633 1518 682; x_wconf 86' lang='lat' dir='ltr'>‘Quid</span> 
     </span>
     <span class='ocr_line' id='line_1_9' title="bbox 183 697 1519 748; baseline 0.001 -12"><span class='ocrx_word' id='word_1_63' title='bbox 183 700 306 747; x_wconf 86' lang='lat' dir='ltr'>ergo?</span> <span class='ocrx_word' id='word_1_64' title='bbox 353 698 469 736; x_wconf 87' lang='lat' dir='ltr'>istos&#39;</span> <span class='ocrx_word' id='word_1_65' title='bbox 508 698 663 748; x_wconf 86' lang='lat' dir='ltr'>inquies</span> <span class='ocrx_word' id='word_1_66' title='bbox 706 700 912 737; x_wconf 86' lang='lat' dir='ltr'>‘mercede</span> <span class='ocrx_word' id='word_1_67' title='bbox 959 700 1181 738; x_wconf 89' lang='lat' dir='ltr'>conductos</span> <span class='ocrx_word' id='word_1_68' title='bbox 1228 697 1519 737; x_wconf 82' lang='lat' dir='ltr'>habebimus?&#39;</span> 
     </span>
     <span class='ocr_line' id='line_1_10' title="bbox 184 762 1519 814; baseline 0.002 -14"><span class='ocrx_word' id='word_1_69' title='bbox 184 762 294 811; x_wconf 82' lang='lat' dir='ltr'>Quid</span> <span class='ocrx_word' id='word_1_70' title='bbox 323 763 522 810; x_wconf 85' lang='lat' dir='ltr'>faciemus,</span> <span class='ocrx_word' id='word_1_71' title='bbox 546 763 579 801; x_wconf 92' lang='lat' dir='ltr'>si</span> <span class='ocrx_word' id='word_1_72' title='bbox 598 763 709 802; x_wconf 87' lang='lat' dir='ltr'>aliter</span> <span class='ocrx_word' id='word_1_73' title='bbox 728 777 809 802; x_wconf 87' lang='lat' dir='ltr'>non</span> <span class='ocrx_word' id='word_1_74' title='bbox 837 766 1077 814; x_wconf 88' lang='lat' dir='ltr'>possumus?</span> <span class='ocrx_word' id='word_1_75' title='bbox 1104 777 1156 802; x_wconf 91' lang='lat' dir='ltr'>an</span> <span class='ocrx_word' id='word_1_76' title='bbox 1179 762 1371 802; x_wconf 91' lang='lat' dir='ltr'>libertinis</span> <span class='ocrx_word' id='word_1_77' title='bbox 1399 770 1519 813; x_wconf 82' lang='lat' dir='ltr'>atque</span> 
     </span>
     <span class='ocr_line' id='line_1_11' title="bbox 183 826 1579 878; baseline 0.001 -14"><span class='ocrx_word' id='word_1_78' title='bbox 183 826 302 865; x_wconf 85' lang='lat' dir='ltr'>etiam</span> <span class='ocrx_word' id='word_1_79' title='bbox 323 827 442 866; x_wconf 90' lang='lat' dir='ltr'>servis</span> <span class='ocrx_word' id='word_1_80' title='bbox 463 827 706 866; x_wconf 87' lang='lat' dir='ltr'>serviamus?</span> <span class='ocrx_word' id='word_1_81' title='bbox 763 829 856 877; x_wconf 86' lang='lat' dir='ltr'>Sed,</span> <span class='ocrx_word' id='word_1_82' title='bbox 876 836 919 867; x_wconf 91' lang='lat' dir='ltr'>ut</span> <span class='ocrx_word' id='word_1_83' title='bbox 939 836 981 867; x_wconf 90' lang='lat' dir='ltr'>tu</span> <span class='ocrx_word' id='word_1_84' title='bbox 1001 828 1068 876; x_wconf 90' lang='lat' dir='ltr'>ais,</span> <span class='ocrx_word' id='word_1_85' title='bbox 1092 830 1176 870; x_wconf 80' lang='grc' dir='ltr'>ἅλις</span> <span class='ocrx_word' id='word_1_86' title='bbox 1194 829 1367 878; x_wconf 84' lang='grc' dir='ltr'>σπουδῆς.</span> <span class='ocrx_word' id='word_1_87' title='bbox 1541 843 1579 866; x_wconf 84' lang='lat'>10</span> 
     </span>
     <span class='ocr_line' id='line_1_12' title="bbox 135 892 1519 944; baseline 0.001 -14"><span class='ocrx_word' id='word_1_88' title='bbox 135 903 163 940; x_wconf 89' lang='lat'>9</span> <span class='ocrx_word' id='word_1_89' title='bbox 239 892 437 931; x_wconf 88' lang='lat' dir='ltr'>Favonius</span> <span class='ocrx_word' id='word_1_90' title='bbox 458 906 587 931; x_wconf 89' lang='lat' dir='ltr'>meam</span> <span class='ocrx_word' id='word_1_91' title='bbox 605 893 751 931; x_wconf 86' lang='lat' dir='ltr'>tribum</span> <span class='ocrx_word' id='word_1_92' title='bbox 768 893 856 932; x_wconf 90' lang='lat' dir='ltr'>tulit</span> <span class='ocrx_word' id='word_1_93' title='bbox 872 893 1076 932; x_wconf 91' lang='lat' dir='ltr'>honestius</span> <span class='ocrx_word' id='word_1_94' title='bbox 1093 907 1212 944; x_wconf 91' lang='lat' dir='ltr'>quam</span> <span class='ocrx_word' id='word_1_95' title='bbox 1229 907 1352 940; x_wconf 89' lang='lat' dir='ltr'>suam,</span> <span class='ocrx_word' id='word_1_96' title='bbox 1371 892 1519 932; x_wconf 89' lang='lat' dir='ltr'>Luccei</span> 
     </span>
     <span class='ocr_line' id='line_1_13' title="bbox 183 957 1519 1007; baseline 0.001 -13"><span class='ocrx_word' id='word_1_97' title='bbox 183 957 364 1006; x_wconf 89' lang='lat' dir='ltr'>perdidit.</span> <span class='ocrx_word' id='word_1_98' title='bbox 424 957 637 995; x_wconf 86' lang='lat' dir='ltr'>Accusavit</span> <span class='ocrx_word' id='word_1_99' title='bbox 658 957 845 996; x_wconf 84' lang='lat' dir='ltr'>Nasicam</span> <span class='ocrx_word' id='word_1_100' title='bbox 865 957 1075 997; x_wconf 85' lang='lat' dir='ltr'>inhoneste</span> <span class='ocrx_word' id='word_1_101' title='bbox 1094 972 1141 997; x_wconf 91' lang='lat' dir='ltr'>ac</span> <span class='ocrx_word' id='word_1_102' title='bbox 1161 959 1341 997; x_wconf 88' lang='lat' dir='ltr'>modeste</span> <span class='ocrx_word' id='word_1_103' title='bbox 1361 966 1519 1007; x_wconf 82' lang='lat' dir='ltr'>tamen3</span> 
     </span>
     <span class='ocr_line' id='line_1_14' title="bbox 183 1021 1519 1074; baseline 0 -13"><span class='ocrx_word' id='word_1_104' title='bbox 183 1021 281 1061; x_wconf 82' lang='lat' dir='ltr'>dixit</span> <span class='ocrx_word' id='word_1_105' title='bbox 311 1022 364 1061; x_wconf 89' lang='lat' dir='ltr'>ita</span> <span class='ocrx_word' id='word_1_106' title='bbox 397 1029 440 1061; x_wconf 88' lang='lat' dir='ltr'>ut</span> <span class='ocrx_word' id='word_1_107' title='bbox 475 1022 611 1061; x_wconf 89' lang='lat' dir='ltr'>Rhodi</span> <span class='ocrx_word' id='word_1_108' title='bbox 645 1022 842 1061; x_wconf 90' lang='lat' dir='ltr'>videretur</span> <span class='ocrx_word' id='word_1_109' title='bbox 880 1023 994 1061; x_wconf 89' lang='lat' dir='ltr'>molis</span> <span class='ocrx_word' id='word_1_110' title='bbox 1033 1023 1164 1074; x_wconf 89' lang='lat' dir='ltr'>potius</span> <span class='ocrx_word' id='word_1_111' title='bbox 1203 1036 1323 1073; x_wconf 90' lang='lat' dir='ltr'>quam</span> <span class='ocrx_word' id='word_1_112' title='bbox 1363 1023 1519 1062; x_wconf 90' lang='lat' dir='ltr'>Moloni</span> 
     </span>
     <span class='ocr_line' id='line_1_15' title="bbox 184 1087 1515 1138; baseline -0.001 -11"><span class='ocrx_word' id='word_1_113' title='bbox 184 1101 345 1137; x_wconf 86' lang='lat' dir='ltr'>operam</span> <span class='ocrx_word' id='word_1_114' title='bbox 366 1088 532 1127; x_wconf 85' lang='lat' dir='ltr'>dedisse.</span> <span class='ocrx_word' id='word_1_115' title='bbox 591 1087 694 1126; x_wconf 86' lang='lat' dir='ltr'>Mihi</span> <span class='ocrx_word' id='word_1_116' title='bbox 715 1090 824 1138; x_wconf 89' lang='lat' dir='ltr'>quod</span> <span class='ocrx_word' id='word_1_117' title='bbox 844 1088 1110 1127; x_wconf 86' lang='lat' dir='ltr'>defendissem</span> <span class='ocrx_word' id='word_1_118' title='bbox 1130 1088 1265 1127; x_wconf 92' lang='lat' dir='ltr'>leviter</span> <span class='ocrx_word' id='word_1_119' title='bbox 1285 1088 1515 1127; x_wconf 89' lang='lat' dir='ltr'>suscensuit.</span> 
     </span>
     <span class='ocr_line' id='line_1_16' title="bbox 186 1152 1576 1204; baseline 0 -14"><span class='ocrx_word' id='word_1_120' title='bbox 186 1153 307 1191; x_wconf 89' lang='lat' dir='ltr'>Nunc</span> <span class='ocrx_word' id='word_1_121' title='bbox 340 1160 473 1191; x_wconf 89' lang='lat' dir='ltr'>tamen</span> <span class='ocrx_word' id='word_1_122' title='bbox 507 1152 605 1203; x_wconf 87' lang='lat' dir='ltr'>petit</span> <span class='ocrx_word' id='word_1_123' title='bbox 636 1153 777 1191; x_wconf 89' lang='lat' dir='ltr'>iterum</span> <span class='ocrx_word' id='word_1_124' title='bbox 815 1152 870 1192; x_wconf 90' lang='lat' dir='ltr'>rei</span> <span class='ocrx_word' id='word_1_125' title='bbox 909 1153 1092 1204; x_wconf 89' lang='lat' dir='ltr'>publicae</span> <span class='ocrx_word' id='word_1_126' title='bbox 1124 1167 1253 1191; x_wconf 89' lang='lat' dir='ltr'>causa.</span> <span class='ocrx_word' id='word_1_127' title='bbox 1324 1153 1518 1192; x_wconf 88' lang='lat' dir='ltr'>Lucceius</span> <span class='ocrx_word' id='word_1_128' title='bbox 1541 1154 1576 1199; x_wconf 80' lang='lat'>15</span> 
     </span>
     <span class='ocr_line' id='line_1_17' title="bbox 187 1217 1519 1268; baseline 0 -13"><span class='ocrx_word' id='word_1_129' title='bbox 187 1217 284 1268; x_wconf 91' lang='lat' dir='ltr'>quid</span> <span class='ocrx_word' id='word_1_130' title='bbox 310 1225 399 1267; x_wconf 87' lang='lat' dir='ltr'>agat</span> <span class='ocrx_word' id='word_1_131' title='bbox 423 1217 591 1256; x_wconf 88' lang='lat' dir='ltr'>scribam</span> <span class='ocrx_word' id='word_1_132' title='bbox 622 1219 672 1256; x_wconf 89' lang='lat' dir='ltr'>ad</span> <span class='ocrx_word' id='word_1_133' title='bbox 705 1225 742 1256; x_wconf 90' lang='lat' dir='ltr'>te</span> <span class='ocrx_word' id='word_1_134' title='bbox 774 1231 865 1256; x_wconf 94' lang='lat' dir='ltr'>cum</span> <span class='ocrx_word' id='word_1_135' title='bbox 895 1219 1105 1257; x_wconf 80' lang='lat' dir='ltr'>Caesarem</span> <span class='ocrx_word' id='word_1_136' title='bbox 1128 1217 1277 1265; x_wconf 87' lang='lat' dir='ltr'>videro,</span> <span class='ocrx_word' id='word_1_137' title='bbox 1299 1217 1367 1267; x_wconf 91' lang='lat' dir='ltr'>qui</span> <span class='ocrx_word' id='word_1_138' title='bbox 1394 1217 1519 1256; x_wconf 86' lang='lat' dir='ltr'>aderit</span> 
     </span>
     <span class='ocr_line' id='line_1_18' title="bbox 119 1281 1519 1333; baseline 0 -13"><span class='ocrx_word' id='word_1_139' title='bbox 119 1291 165 1320; x_wconf 92' lang='lat'>10</span> <span class='ocrx_word' id='word_1_140' title='bbox 186 1282 321 1321; x_wconf 88' lang='lat' dir='ltr'>biduo.</span> <span class='ocrx_word' id='word_1_141' title='bbox 370 1284 492 1332; x_wconf 92' lang='lat' dir='ltr'>Quod</span> <span class='ocrx_word' id='word_1_142' title='bbox 513 1282 685 1333; x_wconf 89' lang='lat' dir='ltr'>Sicyonii</span> <span class='ocrx_word' id='word_1_143' title='bbox 706 1291 743 1322; x_wconf 88' lang='lat' dir='ltr'>te</span> <span class='ocrx_word' id='word_1_144' title='bbox 763 1284 935 1330; x_wconf 89' lang='lat' dir='ltr'>laedunt,</span> <span class='ocrx_word' id='word_1_145' title='bbox 963 1282 1106 1323; x_wconf 88' lang='lat' dir='ltr'>Catoni</span> <span class='ocrx_word' id='word_1_146' title='bbox 1126 1289 1164 1322; x_wconf 89' lang='lat' dir='ltr'>et</span> <span class='ocrx_word' id='word_1_147' title='bbox 1185 1282 1268 1322; x_wconf 91' lang='lat' dir='ltr'>eius</span> <span class='ocrx_word' id='word_1_148' title='bbox 1289 1281 1519 1321; x_wconf 85' lang='lat' dir='ltr'>aemulatori</span> 
     </span>
     <span class='ocr_line' id='line_1_19' title="bbox 185 1347 1518 1398; baseline 0 -13"><span class='ocrx_word' id='word_1_149' title='bbox 185 1347 364 1385; x_wconf 87' lang='lat' dir='ltr'>attribuis</span> <span class='ocrx_word' id='word_1_150' title='bbox 386 1347 558 1386; x_wconf 89' lang='lat' dir='ltr'>Servilio.</span> <span class='ocrx_word' id='word_1_151' title='bbox 620 1347 760 1397; x_wconf 89' lang='lat' dir='ltr'>Quid?</span> <span class='ocrx_word' id='word_1_152' title='bbox 788 1361 835 1386; x_wconf 90' lang='lat' dir='ltr'>ea</span> <span class='ocrx_word' id='word_1_153' title='bbox 861 1349 975 1398; x_wconf 80' lang='lat' dir='ltr'>plaga</span> <span class='ocrx_word' id='word_1_154' title='bbox 998 1361 1133 1386; x_wconf 88' lang='lat' dir='ltr'>nonne</span> <span class='ocrx_word' id='word_1_155' title='bbox 1152 1349 1203 1386; x_wconf 89' lang='lat' dir='ltr'>ad</span> <span class='ocrx_word' id='word_1_156' title='bbox 1225 1349 1370 1386; x_wconf 90' lang='lat' dir='ltr'>multos</span> <span class='ocrx_word' id='word_1_157' title='bbox 1391 1347 1518 1385; x_wconf 90' lang='lat' dir='ltr'>bonos</span> 
     </span>
     <span class='ocr_line' id='line_1_20' title="bbox 184 1411 1519 1462; baseline 0.001 -13"><span class='ocrx_word' id='word_1_158' title='bbox 184 1411 287 1450; x_wconf 89' lang='lat' dir='ltr'>viros</span> <span class='ocrx_word' id='word_1_159' title='bbox 318 1411 518 1462; x_wconf 87' lang='lat' dir='ltr'>pertinet?</span> <span class='ocrx_word' id='word_1_160' title='bbox 586 1413 664 1451; x_wconf 86' lang='lat' dir='ltr'>Sed</span> <span class='ocrx_word' id='word_1_161' title='bbox 696 1411 728 1450; x_wconf 90' lang='lat' dir='ltr'>si</span> <span class='ocrx_word' id='word_1_162' title='bbox 761 1412 815 1451; x_wconf 91' lang='lat' dir='ltr'>ita</span> <span class='ocrx_word' id='word_1_163' title='bbox 848 1412 1004 1462; x_wconf 89' lang='lat' dir='ltr'>placuit,</span> <span class='ocrx_word' id='word_1_164' title='bbox 1041 1413 1260 1461; x_wconf 89' lang='lat' dir='ltr'>laudemus,</span> <span class='ocrx_word' id='word_1_165' title='bbox 1294 1411 1440 1451; x_wconf 89' lang='lat' dir='ltr'>deinde</span> <span class='ocrx_word' id='word_1_166' title='bbox 1478 1411 1519 1450; x_wconf 89' lang='lat' dir='ltr'>in</span> 
     </span>
     <span class='ocr_line' id='line_1_21' title="bbox 185 1476 1581 1527; baseline 0.001 -13"><span class='ocrx_word' id='word_1_167' title='bbox 185 1476 499 1515; x_wconf 88' lang='lat' dir='ltr'>dissensionibus</span> <span class='ocrx_word' id='word_1_168' title='bbox 522 1477 594 1515; x_wconf 93' lang='lat' dir='ltr'>soli</span> <span class='ocrx_word' id='word_1_169' title='bbox 615 1477 912 1527; x_wconf 88' lang='lat' dir='ltr'>relinquamur?</span> <span class='ocrx_word' id='word_1_170' title='bbox 1540 1493 1581 1515; x_wconf 88' lang='lat'>20</span> 
     </span>
     <span class='ocr_line' id='line_1_22' title="bbox 130 1542 1518 1593; baseline 0.001 -13"><span class='ocrx_word' id='word_1_171' title='bbox 130 1553 167 1580; x_wconf 93' lang='lat'>11</span> <span class='ocrx_word' id='word_1_172' title='bbox 240 1543 451 1580; x_wconf 89' lang='lat' dir='ltr'>Amalthea</span> <span class='ocrx_word' id='word_1_173' title='bbox 475 1555 563 1580; x_wconf 90' lang='lat' dir='ltr'>mea</span> <span class='ocrx_word' id='word_1_174' title='bbox 589 1549 627 1580; x_wconf 92' lang='lat' dir='ltr'>te</span> <span class='ocrx_word' id='word_1_175' title='bbox 654 1549 854 1592; x_wconf 86' lang='lat' dir='ltr'>exspectat</span> <span class='ocrx_word' id='word_1_176' title='bbox 878 1549 916 1580; x_wconf 89' lang='lat' dir='ltr'>et</span> <span class='ocrx_word' id='word_1_177' title='bbox 940 1542 1090 1593; x_wconf 84' lang='lat' dir='ltr'>indiget</span> <span class='ocrx_word' id='word_1_178' title='bbox 1120 1542 1186 1581; x_wconf 90' lang='lat' dir='ltr'>tui.</span> <span class='ocrx_word' id='word_1_179' title='bbox 1247 1544 1518 1581; x_wconf 87' lang='lat' dir='ltr'>Tusculanum</span> 
     </span>
     <span class='ocr_line' id='line_1_23' title="bbox 184 1606 1519 1657; baseline 0.002 -14"><span class='ocrx_word' id='word_1_180' title='bbox 184 1612 224 1643; x_wconf 84' lang='lat' dir='ltr'>et</span> <span class='ocrx_word' id='word_1_181' title='bbox 259 1606 546 1655; x_wconf 88' lang='lat' dir='ltr'>Pompeianum</span> <span class='ocrx_word' id='word_1_182' title='bbox 576 1607 690 1644; x_wconf 82' lang='lat' dir='ltr'>valde</span> <span class='ocrx_word' id='word_1_183' title='bbox 723 1620 786 1644; x_wconf 92' lang='lat' dir='ltr'>me</span> <span class='ocrx_word' id='word_1_184' title='bbox 818 1607 1029 1654; x_wconf 89' lang='lat' dir='ltr'>delectant,</span> <span class='ocrx_word' id='word_1_185' title='bbox 1059 1606 1133 1644; x_wconf 90' lang='lat' dir='ltr'>nisi</span> <span class='ocrx_word' id='word_1_186' title='bbox 1165 1608 1274 1657; x_wconf 93' lang='lat' dir='ltr'>quod</span> <span class='ocrx_word' id='word_1_187' title='bbox 1304 1621 1377 1654; x_wconf 88' lang='lat' dir='ltr'>me,</span> <span class='ocrx_word' id='word_1_188' title='bbox 1408 1607 1519 1646; x_wconf 89' lang='lat' dir='ltr'>illum</span> 
     </span>
     <span class='ocr_line' id='line_1_24' title="bbox 184 1669 1519 1721; baseline 0.004 -14"><span class='ocrx_word' id='word_1_189' title='bbox 184 1669 315 1721; x_wconf 90' lang='lat' dir='ltr'>ipsum</span> <span class='ocrx_word' id='word_1_190' title='bbox 349 1670 547 1708; x_wconf 87' lang='lat' dir='ltr'>vindicem</span> <span class='ocrx_word' id='word_1_191' title='bbox 576 1670 675 1709; x_wconf 89' lang='lat' dir='ltr'>aeris</span> <span class='ocrx_word' id='word_1_192' title='bbox 704 1670 832 1717; x_wconf 90' lang='lat' dir='ltr'>alieni,</span> <span class='ocrx_word' id='word_1_193' title='bbox 861 1685 950 1709; x_wconf 88' lang='lat' dir='ltr'>aere</span> <span class='ocrx_word' id='word_1_194' title='bbox 985 1685 1066 1710; x_wconf 89' lang='lat' dir='ltr'>non</span> <span class='ocrx_word' id='word_1_195' title='bbox 1098 1672 1306 1711; x_wconf 87' lang='lat' dir='ltr'>Corinthio</span> <span class='ocrx_word' id='word_1_196' title='bbox 1343 1674 1412 1712; x_wconf 90' lang='lat' dir='ltr'>sed</span> <span class='ocrx_word' id='word_1_197' title='bbox 1443 1675 1519 1712; x_wconf 88' lang='lat' dir='ltr'>hoc</span> 
     </span>
     <span class='ocr_line' id='line_1_25' title="bbox 185 1735 1517 1786; baseline 0.002 -13"><span class='ocrx_word' id='word_1_198' title='bbox 185 1735 498 1774; x_wconf 83' lang='lat' dir='ltr'>circumforaneo</span> <span class='ocrx_word' id='word_1_199' title='bbox 521 1736 746 1774; x_wconf 90' lang='lat' dir='ltr'>obruerunt.</span> <span class='ocrx_word' id='word_1_200' title='bbox 808 1737 857 1774; x_wconf 92' lang='lat' dir='ltr'>In</span> <span class='ocrx_word' id='word_1_201' title='bbox 885 1735 1013 1774; x_wconf 89' lang='lat' dir='ltr'>Gallia</span> <span class='ocrx_word' id='word_1_202' title='bbox 1037 1749 1239 1786; x_wconf 91' lang='lat' dir='ltr'>speramus</span> <span class='ocrx_word' id='word_1_203' title='bbox 1267 1750 1351 1775; x_wconf 90' lang='lat' dir='ltr'>esse</span> <span class='ocrx_word' id='word_1_204' title='bbox 1382 1737 1517 1776; x_wconf 87' lang='lat' dir='ltr'>otium.</span> 
     </span>
     <span class='ocr_line' id='line_1_26' title="bbox 187 1800 1579 1852; baseline 0.002 -14"><span class='ocrx_word' id='word_1_205' title='bbox 187 1800 444 1851; x_wconf 84' lang='lat' dir='ltr'>Prognostica</span> <span class='ocrx_word' id='word_1_206' title='bbox 472 1814 561 1839; x_wconf 90' lang='lat' dir='ltr'>mea</span> <span class='ocrx_word' id='word_1_207' title='bbox 587 1814 677 1839; x_wconf 91' lang='lat' dir='ltr'>cum</span> <span class='ocrx_word' id='word_1_208' title='bbox 708 1800 962 1839; x_wconf 87' lang='lat' dir='ltr'>oratiunculis</span> <span class='ocrx_word' id='word_1_209' title='bbox 987 1815 1109 1852; x_wconf 87' lang='lat' dir='ltr'>prope</span> <span class='ocrx_word' id='word_1_210' title='bbox 1137 1801 1243 1840; x_wconf 91' lang='lat' dir='ltr'>diem</span> <span class='ocrx_word' id='word_1_211' title='bbox 1271 1810 1453 1852; x_wconf 81' lang='lat' dir='ltr'>exspecta</span> <span class='ocrx_word' id='word_1_212' title='bbox 1482 1810 1520 1842; x_wconf 92' lang='lat' dir='ltr'>et</span> <span class='ocrx_word' id='word_1_213' title='bbox 1543 1819 1579 1852; x_wconf 89' lang='lat'>25</span> 
     </span>
     <span class='ocr_line' id='line_1_27' title="bbox 186 1865 1520 1915; baseline 0.001 -10"><span class='ocrx_word' id='word_1_214' title='bbox 186 1874 319 1905; x_wconf 88' lang='lat' dir='ltr'>tamen</span> <span class='ocrx_word' id='word_1_215' title='bbox 350 1865 446 1915; x_wconf 89' lang='lat' dir='ltr'>quid</span> <span class='ocrx_word' id='word_1_216' title='bbox 476 1865 622 1915; x_wconf 87' lang='lat' dir='ltr'>cogites</span> <span class='ocrx_word' id='word_1_217' title='bbox 652 1867 703 1904; x_wconf 90' lang='lat' dir='ltr'>de</span> <span class='ocrx_word' id='word_1_218' title='bbox 731 1867 903 1905; x_wconf 86' lang='lat' dir='ltr'>adventu</span> <span class='ocrx_word' id='word_1_219' title='bbox 932 1874 1001 1905; x_wconf 88' lang='lat' dir='ltr'>tuo</span> <span class='ocrx_word' id='word_1_220' title='bbox 1032 1866 1159 1905; x_wconf 89' lang='lat' dir='ltr'>scribe</span> <span class='ocrx_word' id='word_1_221' title='bbox 1188 1868 1241 1905; x_wconf 90' lang='lat' dir='ltr'>ad</span> <span class='ocrx_word' id='word_1_222' title='bbox 1272 1880 1355 1905; x_wconf 90' lang='lat' dir='ltr'>nos.</span> <span class='ocrx_word' id='word_1_223' title='bbox 1416 1869 1520 1906; x_wconf 90' lang='lat' dir='ltr'>Nam</span> 
     </span>
     <span class='ocr_line' id='line_1_28' title="bbox 187 1930 1521 1981; baseline 0.001 -12"><span class='ocrx_word' id='word_1_224' title='bbox 187 1931 284 1970; x_wconf 90' lang='lat' dir='ltr'>mihi</span> <span class='ocrx_word' id='word_1_225' title='bbox 317 1930 538 1981; x_wconf 88' lang='lat' dir='ltr'>Pomponia</span> <span class='ocrx_word' id='word_1_226' title='bbox 568 1931 738 1969; x_wconf 88' lang='lat' dir='ltr'>nuntiari</span> <span class='ocrx_word' id='word_1_227' title='bbox 770 1931 880 1970; x_wconf 92' lang='lat' dir='ltr'>iussit</span> <span class='ocrx_word' id='word_1_228' title='bbox 921 1939 959 1970; x_wconf 93' lang='lat' dir='ltr'>te</span> <span class='ocrx_word' id='word_1_229' title='bbox 999 1945 1134 1970; x_wconf 90' lang='lat' dir='ltr'>mense</span> <span class='ocrx_word' id='word_1_230' title='bbox 1165 1931 1332 1980; x_wconf 90' lang='lat' dir='ltr'>Quintili</span> <span class='ocrx_word' id='word_1_231' title='bbox 1366 1934 1521 1972; x_wconf 86' lang='lat' dir='ltr'>Romae</span> 
     </span>
     <span class='ocr_line' id='line_1_29' title="bbox 186 1995 1521 2046; baseline 0.001 -12"><span class='ocrx_word' id='word_1_232' title='bbox 186 1998 279 2035; x_wconf 87' lang='lat' dir='ltr'>fore.</span> <span class='ocrx_word' id='word_1_233' title='bbox 351 1997 400 2034; x_wconf 93' lang='lat' dir='ltr'>Id</span> <span class='ocrx_word' id='word_1_234' title='bbox 426 2009 449 2033; x_wconf 86' lang='lat' dir='ltr'>a</span> <span class='ocrx_word' id='word_1_235' title='bbox 473 1995 549 2034; x_wconf 86' lang='lat' dir='ltr'>tuis</span> <span class='ocrx_word' id='word_1_236' title='bbox 576 1995 713 2034; x_wconf 87' lang='lat' dir='ltr'>litteris</span> <span class='ocrx_word' id='word_1_237' title='bbox 739 2010 836 2046; x_wconf 88' lang='lat' dir='ltr'>quas</span> <span class='ocrx_word' id='word_1_238' title='bbox 863 1998 914 2035; x_wconf 90' lang='lat' dir='ltr'>ad</span> <span class='ocrx_word' id='word_1_239' title='bbox 944 2010 1006 2035; x_wconf 92' lang='lat' dir='ltr'>me</span> <span class='ocrx_word' id='word_1_240' title='bbox 1036 1997 1086 2035; x_wconf 92' lang='lat' dir='ltr'>de</span> <span class='ocrx_word' id='word_1_241' title='bbox 1113 2010 1234 2035; x_wconf 87' lang='lat' dir='ltr'>censu</span> <span class='ocrx_word' id='word_1_242' title='bbox 1262 2004 1331 2035; x_wconf 91' lang='lat' dir='ltr'>tuo</span> <span class='ocrx_word' id='word_1_243' title='bbox 1361 1996 1521 2036; x_wconf 85' lang='lat' dir='ltr'>miseras</span> 
     </span>
     <span class='ocr_line' id='line_1_30' title="bbox 186 2061 444 2110; baseline -0.004 -10"><span class='ocrx_word' id='word_1_244' title='bbox 186 2061 444 2110; x_wconf 78' lang='lat' dir='ltr'>discrepabat.</span> 
     </span>
     <span class='ocr_line' id='line_1_31' title="bbox 125 2126 1582 2177; baseline -0.002 -9"><span class='ocrx_word' id='word_1_245' title='bbox 125 2141 168 2168; x_wconf 87' lang='lat'>12</span> <span class='ocrx_word' id='word_1_246' title='bbox 242 2129 396 2173; x_wconf 81' lang='lat' dir='ltr'>PaetuS,</span> <span class='ocrx_word' id='word_1_247' title='bbox 430 2134 472 2165; x_wconf 85' lang='lat' dir='ltr'>ut</span> <span class='ocrx_word' id='word_1_248' title='bbox 500 2134 616 2165; x_wconf 87' lang='lat' dir='ltr'>antea</span> <span class='ocrx_word' id='word_1_249' title='bbox 641 2128 693 2166; x_wconf 87' lang='lat' dir='ltr'>ad</span> <span class='ocrx_word' id='word_1_250' title='bbox 725 2134 763 2166; x_wconf 88' lang='lat' dir='ltr'>te</span> <span class='ocrx_word' id='word_1_251' title='bbox 795 2126 940 2177; x_wconf 89' lang='lat' dir='ltr'>scripsi,</span> <span class='ocrx_word' id='word_1_252' title='bbox 970 2126 1099 2166; x_wconf 89' lang='lat' dir='ltr'>omnis</span> <span class='ocrx_word' id='word_1_253' title='bbox 1131 2127 1251 2166; x_wconf 88' lang='lat' dir='ltr'>libros</span> <span class='ocrx_word' id='word_1_254' title='bbox 1280 2140 1380 2177; x_wconf 89' lang='lat' dir='ltr'>quos</span> <span class='ocrx_word' id='word_1_255' title='bbox 1408 2129 1522 2166; x_wconf 88' lang='lat' dir='ltr'>frater</span> <span class='ocrx_word' id='word_1_256' title='bbox 1542 2143 1582 2174; x_wconf 81' lang='lat'>30</span> 
     </span>
    </p>
   </div>
   <div class='ocr_carea' id='block_1_3' title="bbox 186 2230 1524 2436">
    <p class='ocr_par' dir='ltr' id='par_1_3' title="bbox 186 2230 1524 2436">
     <span class='ocr_line' id='line_1_32' title="bbox 234 2230 1521 2270; baseline 0 -10"><span class='ocrx_word' id='word_1_257' title='bbox 234 2241 271 2260; x_wconf 89' lang='lat'>12</span> <span class='ocrx_word' id='word_1_258' title='bbox 295 2231 439 2261; x_wconf 83' lang='lat' dir='ltr'>honeste</span> <span class='ocrx_word' id='word_1_259' title='bbox 456 2230 579 2261; x_wconf 78' lang='lat' dir='ltr'>Rinkes</span> <span class='ocrx_word' id='word_1_260' title='bbox 666 2230 810 2261; x_wconf 84' lang='lat' dir='ltr'>moleste</span> <span class='ocrx_word' id='word_1_261' title='bbox 835 2230 1025 2270; x_wconf 66' lang='lat' dir='ltr'>llffalaspt&#39;na</span> <span class='ocrx_word' id='word_1_262' title='bbox 1124 2235 1259 2268; x_wconf 87' lang='lat' dir='ltr'>tamen;</span> <span class='ocrx_word' id='word_1_263' title='bbox 1293 2231 1376 2261; x_wconf 85' lang='lat' dir='ltr'>dixit</span> <span class='ocrx_word' id='word_1_264' title='bbox 1401 2231 1458 2268; x_wconf 80' lang='lat' dir='ltr'>ita,</span> <span class='ocrx_word' id='word_1_265' title='bbox 1485 2235 1521 2261; x_wconf 93' lang='lat' dir='ltr'>ut</span> 
     </span>
     <span class='ocr_line' id='line_1_33' title="bbox 186 2273 1524 2314; baseline -0.001 -10"><span class='ocrx_word' id='word_1_266' title='bbox 186 2273 347 2313; x_wconf 60' lang='lat' dir='ltr'>Madmg:</span> <span class='ocrx_word' id='word_1_267' title='bbox 402 2279 516 2305; x_wconf 86' lang='lat' dir='ltr'>tamen</span> <span class='ocrx_word' id='word_1_268' title='bbox 548 2274 646 2311; x_wconf 80' lang='lat' dir='ltr'>dixit,</span> <span class='ocrx_word' id='word_1_269' title='bbox 680 2274 726 2304; x_wconf 86' lang='lat' dir='ltr'>ita</span> <span class='ocrx_word' id='word_1_270' title='bbox 754 2278 789 2304; x_wconf 89' lang='lat' dir='ltr'>ut</span> <span class='ocrx_word' id='word_1_271' title='bbox 821 2274 907 2314; x_wconf 78' lang='lat' dir='ltr'>vulg.</span> <span class='ocrx_word' id='word_1_272' title='bbox 1059 2274 1098 2303; x_wconf 89' lang='lat'>18</span> <span class='ocrx_word' id='word_1_273' title='bbox 1136 2274 1299 2304; x_wconf 82' lang='lat' dir='ltr'>attribues</span> <span class='ocrx_word' id='word_1_274' title='bbox 1335 2273 1524 2314; x_wconf 64' lang='lat' dir='ltr'>lVesenbet‘g</span> 
     </span>
     <span class='ocr_line' id='line_1_34' title="bbox 187 2315 1521 2356; baseline -0.001 -8"><span class='ocrx_word' id='word_1_275' title='bbox 187 2317 354 2349; x_wconf 68' lang='lat' dir='ltr'>Servilio?</span> <span class='ocrx_word' id='word_1_276' title='bbox 382 2318 500 2348; x_wconf 74' lang='lat' dir='ltr'>malim</span> <span class='ocrx_word' id='word_1_277' title='bbox 602 2327 640 2356; x_wconf 91' lang='lat'>19</span> <span class='ocrx_word' id='word_1_278' title='bbox 657 2316 700 2356; x_wconf 72' lang='lat' dir='ltr'>si]</span> <span class='ocrx_word' id='word_1_279' title='bbox 719 2321 757 2347; x_wconf 87' lang='lat' dir='ltr'>st.</span> <span class='ocrx_word' id='word_1_280' title='bbox 770 2316 863 2355; x_wconf 76' lang='lat' dir='ltr'>Boot,</span> <span class='ocrx_word' id='word_1_281' title='bbox 883 2315 941 2347; x_wconf 84' lang='lat' dir='ltr'>sed</span> <span class='ocrx_word' id='word_1_282' title='bbox 946 2316 1022 2348; x_wconf 81' lang='lat' dir='ltr'>haec</span> <span class='ocrx_word' id='word_1_283' title='bbox 1031 2316 1230 2348; x_wconf 73' lang='lat' dir='ltr'>interiectioa</span> <span class='ocrx_word' id='word_1_284' title='bbox 1242 2318 1386 2348; x_wconf 84' lang='lat' dir='ltr'>Cicerone</span> <span class='ocrx_word' id='word_1_285' title='bbox 1396 2317 1521 2347; x_wconf 81' lang='lat' dir='ltr'>abiudi-</span> 
     </span>
     <span class='ocr_line' id='line_1_35' title="bbox 187 2359 1522 2392; baseline -0.002 -1"><span class='ocrx_word' id='word_1_286' title='bbox 187 2362 291 2392; x_wconf 82' lang='lat' dir='ltr'>canda</span> <span class='ocrx_word' id='word_1_287' title='bbox 315 2365 361 2391; x_wconf 63' lang='lat' dir='ltr'>pst</span> <span class='ocrx_word' id='word_1_288' title='bbox 457 2371 499 2390; x_wconf 88' lang='lat'>20</span> <span class='ocrx_word' id='word_1_289' title='bbox 524 2361 788 2391; x_wconf 85' lang='lat' dir='ltr'>discessionibus</span> <span class='ocrx_word' id='word_1_290' title='bbox 805 2359 899 2391; x_wconf 82' lang='lat' dir='ltr'>Man.</span> <span class='ocrx_word' id='word_1_291' title='bbox 1036 2362 1078 2391; x_wconf 84' lang='lat'>26</span> <span class='ocrx_word' id='word_1_292' title='bbox 1102 2362 1239 2392; x_wconf 86' lang='lat' dir='ltr'>tandem</span> <span class='ocrx_word' id='word_1_293' title='bbox 1256 2360 1395 2391; x_wconf 79' lang='lat' dir='ltr'>Slarker</span> <span class='ocrx_word' id='word_1_294' title='bbox 1479 2359 1522 2389; x_wconf 87' lang='lat'>28</span> 
     </span>
     <span class='ocr_line' id='line_1_36' title="bbox 188 2400 835 2436; baseline -0.005 0"><span class='ocrx_word' id='word_1_295' title='bbox 188 2415 290 2436; x_wconf 82' lang='lat' dir='ltr'>censu</span> <span class='ocrx_word' id='word_1_296' title='bbox 308 2400 378 2436; x_wconf 84' lang='grc' dir='ltr'>Ζ·”Σ</span> <span class='ocrx_word' id='word_1_297' title='bbox 395 2415 401 2435; x_wconf 93' lang='lat'>:</span> <span class='ocrx_word' id='word_1_298' title='bbox 426 2414 570 2435; x_wconf 85' lang='lat' dir='ltr'>accensu</span> <span class='ocrx_word' id='word_1_299' title='bbox 588 2403 637 2434; x_wconf 85' lang='lat' dir='ltr'>vel</span> <span class='ocrx_word' id='word_1_300' title='bbox 651 2414 789 2434; x_wconf 81' lang='lat' dir='ltr'>accessu</span> <span class='ocrx_word' id='word_1_301' title='bbox 807 2408 835 2433; x_wconf 91' lang='grc' dir='ltr'>Δ</span> 
     </span>
    </p>
   </div>
   <div class='ocr_carea' id='block_1_4' title="bbox 1743 0 1790 2460">
    <p class='ocr_par' dir='ltr' id='par_1_4' title="bbox 1743 0 1790 2460">
     <span class='ocr_line' id='line_1_37' title="bbox 1743 0 1790 2460; baseline 0 0"><span class='ocrx_word' id='word_1_302' title='bbox 1743 0 1790 2460; x_wconf 95' lang='lat' dir='ltr'> </span> 
     </span>
    </p>
   </div>
  </div>
 </body>
</html>
