1817 2832
215 143 284 180 VI.
317 141 364 179 ix
692 141 805 178 EPP.
836 139 915 177 AD
945 137 1206 177 ATTICVM

239 263 263 289 2
337 254 373 291 A
402 250 595 291 Turranio
625 257 663 290 te
691 249 892 301 accepisse
913 263 1021 289 meas
1040 248 1187 288 litteras
1207 250 1373 300 gaudeo.
1433 250 1613 301 Παραφύ-

281 319 406 365 λαξον,
440 317 471 355 Si
503 331 566 355 me
597 330 717 364 amas,
757 317 824 366 τὴν
861 319 926 354 τοῦ
963 319 1130 366 φυρατοῦ
1168 317 1386 366 φιλοτιμίαν
1418 318 1612 355 αὑτότατα.

284 385 413 429 Hanc,
438 395 539 432 quae
566 395 629 420 me
650 383 809 420 hercule
837 380 934 419 mihi
955 394 1100 431 magno
1120 380 1247 419 dolori
1272 388 1329 419 est
1351 381 1485 432 <dilexi
1506 380 1612 419 enim

281 446 512 498 hominem),
536 460 711 497 procura,
736 448 1100 497 quantulacumque
1121 454 1192 495 est,
1214 446 1443 485 Precianam
1463 445 1613 485 heredi-

281 520 402 551 tatem
432 505 589 563 pro'rsus
618 514 683 551 ille
712 527 762 551 ne
791 512 969 563 attingat.
1029 511 1149 550 Dices
1179 525 1364 551 nummos
1394 511 1491 550 mihi
1512 525 1612 561 opus
1631 527 1648 557 5

281 592 367 617 esse
387 578 439 616 ad
459 585 689 628 apparatum
712 577 913 627 triumphi.
974 579 1021 615 In
1042 589 1134 626 quo,
1157 584 1199 615 ut
1229 576 1430 627 praecipis,
1455 590 1528 615 nec
1549 591 1612 616 me

282 644 385 682 κενὸν
404 642 445 680 in
466 643 688 692 expetendo
710 656 925 692 cognosces
947 655 1020 680 nec
1042 643 1184 691 ἄτυφον
1204 641 1243 679 in
1263 641 1483 680 abiciendo

238 716 262 753 3
336 707 518 746 Intellexi
539 721 585 745 ex
606 707 681 745 tuis
698 707 834 746 litteris
861 714 900 745 te
925 721 972 746 ex
998 706 1192 745 Turranio
1222 706 1379 745 audisse
1399 720 1422 745 a
1444 720 1507 745 me
1528 720 1614 757 pro-

281 773 450 812 vinciam
471 772 575 811 fratri
596 773 790 811 traditam.
847 774 993 811 Adeon
1020 785 1093 822 ego
1120 786 1201 811 non
1231 785 1503 822 perspexeram
1527 786 1614 822 pru-

282 838 456 877 dentiam
484 838 699 876 litterarum
727 840 912 876 tuarum?
967 839 1138 889 Ἐπὲχειν
1166 845 1204 875 te
1234 837 1442 876 scribebas.
1503 837 1612 886 Quid
1634 852 1673 874 10

282 911 363 943 erat
396 903 644 942 dubitatione
679 903 858 953 dignum,
892 903 923 942 si
958 911 1061 942 esset
1093 903 1306 953 quicquam
1341 916 1410 941 cur
1442 904 1613 953 placeret

281 971 436 1007 fratrem
458 976 496 1007 et
517 971 634 1007 talem
656 970 812 1008 fratrem
834 968 1033 1019 relinqui?
1088 969 1286 1018 Ἀθὲτηο-ις
1311 966 1384 1006 ista
1411 967 1507 1005 mihi
1533 975 1611 1015 tua,

282 1048 362 1073 non
390 1035 509 1086 ἐποχὴ
528 1034 748 1073 videbatur.
806 1035 1004 1073 Monebas
1033 1035 1084 1074 de
1115 1036 1163 1084 Q.
1197 1034 1390 1074 Cicerone
1419 1047 1542 1083 puero
1571 1041 1614 1071 ut

283 1114 373 1138 eum
395 1100 557 1150 quidem
587 1099 818 1150 neutiquam
844 1099 1116 1149 relinquerem.
1179 1101 1324 1150 Τοῧμὸν
1354 1100 1492 1149 ὄνειρον
1521 1100 1611 1149 ἐμοί.

285 1166 436 1204 Eadem
467 1164 601 1204 omnia
621 1164 732 1215 quasi
759 1164 960 1203 conlocuti
990 1178 1165 1204 essemus
1186 1165 1367 1203 vidimus.
1427 1167 1522 1203 Non
1542 1165 1613 1203 fuit
1636 1178 1673 1209 15

282 1230 506 1269 faciendum
520 1229 630 1268 aliter
650 1243 793 1280 meque
815 1231 1004 1281 e’mxpovla
1030 1231 1148 1281 ἐποχὴ
1175 1238 1242 1268 tua
1261 1230 1509 1268 dubitatione
1522 1230 1615 1269 libe-

282 1295 388 1333 ravit.
448 1296 527 1333 Sed
553 1302 650 1345 puto
677 1302 716 1333 te
744 1295 944 1346 accepisse
965 1297 1015 1334 de
1036 1297 1109 1334 hac
1130 1309 1170 1334 re
1201 1295 1409 1345 epistulam
1430 1294 1613 1345 scriptam

280 1360 508 1399 accuratius.

237 1438 263 1474 4
338 1428 424 1475 Ego
445 1424 667 1464 tabellarios
688 1432 847 1476 postero
874 1426 939 1464 die
969 1427 1021 1465 ad
1040 1439 1110 1465 vos
1138 1439 1244 1465 eram
1271 1424 1486 1474 missurus3
1514 1439 1614 1476 quos

282 1498 379 1541 puto
399 1498 491 1530 ante
511 1499 696 1529 venturos
717 1504 836 1541 quam
859 1499 1037 1530 nostrum
1059 1491 1271 1531 Saufeium.
1322 1492 1401 1530 Sed
1422 1505 1513 1530 eum
1529 1491 1613 1530 sine
1634 1504 1674 1526 20

239 1566 263 1604 5
283 1555 379 1594 meis
400 1555 535 1594 litteris
556 1557 607 1594 ad
628 1563 665 1595 te
685 1556 817 1595 venire
838 1556 900 1594 vix
922 1564 1072 1596 rectum
1089 1562 1179 1595 erat.
1240 1558 1303 1594 Tu
1321 1555 1430 1603 mihi,
1446 1564 1488 1594 ut
1505 1556 1615 1605 polli-

283 1620 393 1668 ceris,
413 1622 464 1659 de
484 1620 656 1659 Tulliola
676 1635 774 1668 mea,
797 1621 837 1659 id
858 1628 917 1660 est
937 1623 987 1660 de
1010 1622 1228 1667 Dolabella,
1252 1621 1479 1670 perscribeS‚
1502 1622 1552 1659 de
1573 1634 1612 1659 re

282 1685 441 1735 publica
461 1699 580 1735 quam
605 1686 816 1735 praevideo
838 1686 877 1723 in
899 1686 1062 1724 summis
1083 1685 1278 1736 periculis,
1299 1687 1349 1724 de
1369 1685 1610 1733 censoribus,

283 1749 530 1800 maximeque
551 1751 601 1788 de
623 1749 753 1800 signis,
777 1750 920 1788 tabulis
941 1750 1037 1801 quid
1064 1751 1141 1797 fiat,
1164 1751 1412 1789 referaturne.
1472 1750 1611 1789 Idibus

283 1815 524 1854 Octobribus
557 1816 626 1853 has
658 1815 752 1854 dedi
787 1815 943 1864 litteras,
980 1829 1060 1866 quo
1093 1815 1169 1863 die,
1205 1822 1248 1854 ut
1281 1815 1428 1863 scribis,
1466 1816 1610 1855 Caesar
1631 1831 1668 1862 25

284 1880 523 1919 Placentiam
544 1881 718 1931 legiones
737 1893 811 1919 1111.
872 1883 1045 1930 Quaeso,
1068 1880 1164 1930 quid
1191 1880 1305 1919 nobis
1326 1882 1500 1919 futurum
1521 1883 1612 1920 est?

284 1947 331 1984 In
351 1959 439 1984 arce
460 1946 628 1985 Athenis
650 1946 765 1985 statio
786 1960 873 1985 mea
895 1960 1000 1984 nunc
1020 1947 1158 1996 placet.

324 2061 344 2082 2
368 2049 545 2082 αὐτότατος
567 2050 699 2090 Kayser
827 2061 848 2089 4
874 2048 1089 2091 Precianam]
1108 2049 1143 2089 cſs
1162 2048 1196 2081 C.
1212 2049 1239 2081 I.
1258 2049 1296 2081 L.
1316 2060 1346 2080 x.
1365 2050 1451 2090 5678
