<?xml version="1.0" encoding="UTF-8"?>
<!DOCTYPE html PUBLIC "-//W3C//DTD XHTML 1.0 Transitional//EN"
    "http://www.w3.org/TR/xhtml1/DTD/xhtml1-transitional.dtd">
<html xmlns="http://www.w3.org/1999/xhtml" xml:lang="en" lang="en">
 <head>
  <title>
</title>
<meta http-equiv="Content-Type" content="text/html;charset=utf-8" />
  <meta name='ocr-system' content='tesseract 3.04.00' />
  <meta name='ocr-capabilities' content='ocr_page ocr_carea ocr_par ocr_line ocrx_word'/>
</head>
<body>
  <div class='ocr_page' id='page_1' title='image "./epistulaerecogno0201ciceuoft_0048.png"; bbox 0 0 1790 2837; ppageno 0'>
   <div class='ocr_carea' id='block_1_1' title="bbox 99 124 1116 163">
    <p class='ocr_par' dir='ltr' id='par_1_1' title="bbox 99 124 1116 163">
     <span class='ocr_line' id='line_1_1' title="bbox 99 124 1116 163; baseline 0.002 -2"><span class='ocrx_word' id='word_1_1' title='bbox 99 124 130 161; x_wconf 90' lang='grc' dir='ltr'>Ι.</span> <span class='ocrx_word' id='word_1_2' title='bbox 153 124 231 161; x_wconf 87' lang='lat' dir='ltr'>xvi</span> <span class='ocrx_word' id='word_1_3' title='bbox 520 125 576 162; x_wconf 91' lang='lat' dir='ltr'>M.</span> <span class='ocrx_word' id='word_1_4' title='bbox 609 124 778 161; x_wconf 93' lang='lat' dir='ltr'>TVLLI</span> <span class='ocrx_word' id='word_1_5' title='bbox 810 124 1116 163; x_wconf 88' lang='lat' dir='ltr'>CICERONIS</span> 
     </span>
    </p>
   </div>
   <div class='ocr_carea' id='block_1_2' title="bbox 97 233 1554 1894">
    <p class='ocr_par' dir='ltr' id='par_1_2' title="bbox 163 233 1528 662">
     <span class='ocr_line' id='line_1_2' title="bbox 166 233 1495 286; baseline 0.003 -15"><span class='ocrx_word' id='word_1_6' title='bbox 166 233 309 273; x_wconf 86' lang='lat' dir='ltr'>hirudo</span> <span class='ocrx_word' id='word_1_7' title='bbox 328 234 459 281; x_wconf 87' lang='lat' dir='ltr'>aerari,</span> <span class='ocrx_word' id='word_1_8' title='bbox 479 234 621 272; x_wconf 91' lang='lat' dir='ltr'>misera</span> <span class='ocrx_word' id='word_1_9' title='bbox 640 247 687 272; x_wconf 85' lang='lat' dir='ltr'>ac</span> <span class='ocrx_word' id='word_1_10' title='bbox 707 233 838 272; x_wconf 88' lang='lat' dir='ltr'>ieiuna</span> <span class='ocrx_word' id='word_1_11' title='bbox 857 235 1074 284; x_wconf 81' lang='lat' dir='ltr'>plebecula,</span> <span class='ocrx_word' id='word_1_12' title='bbox 1093 248 1157 274; x_wconf 89' lang='lat' dir='ltr'>me</span> <span class='ocrx_word' id='word_1_13' title='bbox 1176 236 1227 274; x_wconf 87' lang='lat' dir='ltr'>ab</span> <span class='ocrx_word' id='word_1_14' title='bbox 1247 237 1324 275; x_wconf 89' lang='lat' dir='ltr'>hoc</span> <span class='ocrx_word' id='word_1_15' title='bbox 1345 238 1495 286; x_wconf 85' lang='lat' dir='ltr'>Magno</span> 
     </span>
     <span class='ocr_line' id='line_1_3' title="bbox 166 298 1496 348; baseline 0.002 -12"><span class='ocrx_word' id='word_1_16' title='bbox 166 298 283 337; x_wconf 88' lang='lat' dir='ltr'>unice</span> <span class='ocrx_word' id='word_1_17' title='bbox 303 299 411 348; x_wconf 82' lang='lat' dir='ltr'>diligi</span> <span class='ocrx_word' id='word_1_18' title='bbox 431 305 554 348; x_wconf 88' lang='lat' dir='ltr'>putat,</span> <span class='ocrx_word' id='word_1_19' title='bbox 573 306 611 337; x_wconf 91' lang='lat' dir='ltr'>et</span> <span class='ocrx_word' id='word_1_20' title='bbox 632 300 791 337; x_wconf 78' lang='lat' dir='ltr'>hercule</span> <span class='ocrx_word' id='word_1_21' title='bbox 812 301 935 337; x_wconf 87' lang='lat' dir='ltr'>multa</span> <span class='ocrx_word' id='word_1_22' title='bbox 955 306 994 337; x_wconf 83' lang='lat' dir='ltr'>et</span> <span class='ocrx_word' id='word_1_23' title='bbox 1013 299 1188 338; x_wconf 87' lang='lat' dir='ltr'>iucunda</span> <span class='ocrx_word' id='word_1_24' title='bbox 1207 301 1496 339; x_wconf 87' lang='lat' dir='ltr'>consuetudine</span> 
     </span>
     <span class='ocr_line' id='line_1_4' title="bbox 164 363 1497 413; baseline 0.001 -11"><span class='ocrx_word' id='word_1_25' title='bbox 164 363 366 402; x_wconf 88' lang='lat' dir='ltr'>coniuncti</span> <span class='ocrx_word' id='word_1_26' title='bbox 396 363 496 401; x_wconf 90' lang='lat' dir='ltr'>inter</span> <span class='ocrx_word' id='word_1_27' title='bbox 522 376 595 401; x_wconf 90' lang='lat' dir='ltr'>nos</span> <span class='ocrx_word' id='word_1_28' title='bbox 623 377 758 401; x_wconf 90' lang='lat' dir='ltr'>sumus</span> <span class='ocrx_word' id='word_1_29' title='bbox 785 377 910 413; x_wconf 85' lang='lat' dir='ltr'>usque</span> <span class='ocrx_word' id='word_1_30' title='bbox 939 377 988 402; x_wconf 93' lang='lat' dir='ltr'>eo</span> <span class='ocrx_word' id='word_1_31' title='bbox 1008 371 1051 401; x_wconf 92' lang='lat' dir='ltr'>ut</span> <span class='ocrx_word' id='word_1_32' title='bbox 1076 364 1199 402; x_wconf 84' lang='lat' dir='ltr'>nostri</span> <span class='ocrx_word' id='word_1_33' title='bbox 1225 364 1288 402; x_wconf 88' lang='lat' dir='ltr'>isti</span> <span class='ocrx_word' id='word_1_34' title='bbox 1314 364 1497 403; x_wconf 91' lang='lat' dir='ltr'>comissa-</span> 
     </span>
     <span class='ocr_line' id='line_1_5' title="bbox 164 428 1493 469; baseline 0.002 -3"><span class='ocrx_word' id='word_1_35' title='bbox 164 434 267 466; x_wconf 81' lang='lat' dir='ltr'>tores</span> <span class='ocrx_word' id='word_1_36' title='bbox 299 428 580 467; x_wconf 84' lang='lat' dir='ltr'>coniurationis</span> <span class='ocrx_word' id='word_1_37' title='bbox 612 428 807 467; x_wconf 79' lang='lat' dir='ltr'>barbatuli</span> <span class='ocrx_word' id='word_1_38' title='bbox 838 428 999 467; x_wconf 90' lang='lat' dir='ltr'>iuvenes</span> <span class='ocrx_word' id='word_1_39' title='bbox 1033 428 1143 466; x_wconf 90' lang='lat' dir='ltr'>illum</span> <span class='ocrx_word' id='word_1_40' title='bbox 1175 428 1215 467; x_wconf 90' lang='lat' dir='ltr'>in</span> <span class='ocrx_word' id='word_1_41' title='bbox 1246 430 1493 469; x_wconf 85' lang='lat' dir='ltr'>sermonibus</span> 
     </span>
     <span class='ocr_line' id='line_1_6' title="bbox 166 493 1528 544; baseline 0 -12"><span class='ocrx_word' id='word_1_42' title='bbox 166 494 261 532; x_wconf 91' lang='lat' dir='ltr'>‘Cn.</span> <span class='ocrx_word' id='word_1_43' title='bbox 287 493 545 533; x_wconf 88' lang='lat' dir='ltr'>Ciceronem’</span> <span class='ocrx_word' id='word_1_44' title='bbox 569 495 779 544; x_wconf 82' lang='lat' dir='ltr'>appellent.</span> <span class='ocrx_word' id='word_1_45' title='bbox 840 495 981 543; x_wconf 86' lang='lat' dir='ltr'>Itaque</span> <span class='ocrx_word' id='word_1_46' title='bbox 1009 500 1048 531; x_wconf 91' lang='lat' dir='ltr'>et</span> <span class='ocrx_word' id='word_1_47' title='bbox 1077 493 1181 532; x_wconf 85' lang='lat' dir='ltr'>ludis</span> <span class='ocrx_word' id='word_1_48' title='bbox 1207 501 1246 532; x_wconf 90' lang='lat' dir='ltr'>et</span> <span class='ocrx_word' id='word_1_49' title='bbox 1273 494 1492 544; x_wconf 59' lang='lat' dir='ltr'>gladiatori-</span> <span class='ocrx_word' id='word_1_50' title='bbox 1511 505 1528 536; x_wconf 84' lang='lat'>5</span> 
     </span>
     <span class='ocr_line' id='line_1_7' title="bbox 163 557 1494 610; baseline 0.002 -14"><span class='ocrx_word' id='word_1_51' title='bbox 163 558 236 596; x_wconf 91' lang='lat' dir='ltr'>bus</span> <span class='ocrx_word' id='word_1_52' title='bbox 258 558 456 597; x_wconf 83' lang='lat' dir='ltr'>mirandas</span> <span class='ocrx_word' id='word_1_53' title='bbox 477 559 731 610; x_wconf 84' lang='grc' dir='ltr'>ἐπισημασίας</span> <span class='ocrx_word' id='word_1_54' title='bbox 756 558 841 597; x_wconf 88' lang='lat' dir='ltr'>sine</span> <span class='ocrx_word' id='word_1_55' title='bbox 864 560 942 596; x_wconf 88' lang='lat' dir='ltr'>ulla</span> <span class='ocrx_word' id='word_1_56' title='bbox 962 557 1172 609; x_wconf 88' lang='lat' dir='ltr'>pastoricia</span> <span class='ocrx_word' id='word_1_57' title='bbox 1197 559 1326 596; x_wconf 88' lang='lat' dir='ltr'>fistula</span> <span class='ocrx_word' id='word_1_58' title='bbox 1348 560 1494 598; x_wconf 85' lang='lat' dir='ltr'>aufere-</span> 
     </span>
     <span class='ocr_line' id='line_1_8' title="bbox 163 623 314 662; baseline -0.007 0"><span class='ocrx_word' id='word_1_59' title='bbox 163 623 314 662; x_wconf 89' lang='lat' dir='ltr'>bamus.</span> 
     </span>
    </p>

    <p class='ocr_par' dir='ltr' id='par_1_3' title="bbox 100 687 1554 1323">
     <span class='ocr_line' id='line_1_9' title="bbox 100 687 1496 740; baseline -0.001 -12"><span class='ocrx_word' id='word_1_60' title='bbox 100 700 144 728; x_wconf 87' lang='lat'>12</span> <span class='ocrx_word' id='word_1_61' title='bbox 218 690 337 727; x_wconf 87' lang='lat' dir='ltr'>Nunc</span> <span class='ocrx_word' id='word_1_62' title='bbox 367 695 426 727; x_wconf 87' lang='lat' dir='ltr'>est</span> <span class='ocrx_word' id='word_1_63' title='bbox 456 689 699 740; x_wconf 85' lang='lat' dir='ltr'>exspectatio</span> <span class='ocrx_word' id='word_1_64' title='bbox 725 688 975 728; x_wconf 88' lang='lat' dir='ltr'>comitiorum</span> <span class='ocrx_word' id='word_1_65' title='bbox 991 703 1001 736; x_wconf 76' lang='lat'><em>3</em></span> <span class='ocrx_word' id='word_1_66' title='bbox 1029 688 1069 727; x_wconf 88' lang='lat' dir='ltr'>in</span> <span class='ocrx_word' id='word_1_67' title='bbox 1098 702 1200 739; x_wconf 81' lang='lat' dir='ltr'>quae</span> <span class='ocrx_word' id='word_1_68' title='bbox 1226 688 1411 727; x_wconf 86' lang='lat' dir='ltr'>omnibus</span> <span class='ocrx_word' id='word_1_69' title='bbox 1440 687 1496 726; x_wconf 86' lang='lat' dir='ltr'>in-</span> 
     </span>
     <span class='ocr_line' id='line_1_10' title="bbox 163 753 1495 804; baseline 0.001 -13"><span class='ocrx_word' id='word_1_70' title='bbox 163 753 250 792; x_wconf 91' lang='lat' dir='ltr'>vitis</span> <span class='ocrx_word' id='word_1_71' title='bbox 280 753 401 792; x_wconf 87' lang='lat' dir='ltr'>trudit</span> <span class='ocrx_word' id='word_1_72' title='bbox 430 762 563 793; x_wconf 89' lang='lat' dir='ltr'>noster</span> <span class='ocrx_word' id='word_1_73' title='bbox 592 756 762 804; x_wconf 83' lang='lat' dir='ltr'>Magnus</span> <span class='ocrx_word' id='word_1_74' title='bbox 789 754 882 792; x_wconf 92' lang='lat' dir='ltr'>Auli</span> <span class='ocrx_word' id='word_1_75' title='bbox 914 754 1037 792; x_wconf 90' lang='lat' dir='ltr'>filium</span> <span class='ocrx_word' id='word_1_76' title='bbox 1069 762 1188 804; x_wconf 87' lang='lat' dir='ltr'>atque</span> <span class='ocrx_word' id='word_1_77' title='bbox 1219 753 1260 791; x_wconf 90' lang='lat' dir='ltr'>in</span> <span class='ocrx_word' id='word_1_78' title='bbox 1289 768 1338 793; x_wconf 90' lang='lat' dir='ltr'>eo</span> <span class='ocrx_word' id='word_1_79' title='bbox 1365 767 1495 804; x_wconf 89' lang='lat' dir='ltr'>neque</span> 
     </span>
     <span class='ocr_line' id='line_1_11' title="bbox 162 818 1554 869; baseline -0.001 -13"><span class='ocrx_word' id='word_1_80' title='bbox 162 818 396 857; x_wconf 87' lang='lat' dir='ltr'>auctoritate</span> <span class='ocrx_word' id='word_1_81' title='bbox 417 833 548 869; x_wconf 87' lang='lat' dir='ltr'>neque</span> <span class='ocrx_word' id='word_1_82' title='bbox 569 819 690 869; x_wconf 84' lang='lat' dir='ltr'>gratia</span> <span class='ocrx_word' id='word_1_83' title='bbox 710 826 859 869; x_wconf 80' lang='lat' dir='ltr'>pugnat</span> <span class='ocrx_word' id='word_1_84' title='bbox 879 820 950 857; x_wconf 90' lang='lat' dir='ltr'>sed</span> <span class='ocrx_word' id='word_1_85' title='bbox 970 818 1114 868; x_wconf 86' lang='lat' dir='ltr'>quibus</span> <span class='ocrx_word' id='word_1_86' title='bbox 1135 818 1340 869; x_wconf 89' lang='lat' dir='ltr'>Philippus</span> <span class='ocrx_word' id='word_1_87' title='bbox 1361 818 1495 857; x_wconf 86' lang='lat' dir='ltr'>omnia</span> <span class='ocrx_word' id='word_1_88' title='bbox 1517 833 1554 855; x_wconf 92' lang='lat'>10</span> 
     </span>
     <span class='ocr_line' id='line_1_12' title="bbox 162 883 1493 934; baseline 0.001 -13"><span class='ocrx_word' id='word_1_89' title='bbox 162 885 322 922; x_wconf 86' lang='lat' dir='ltr'>castella</span> <span class='ocrx_word' id='word_1_90' title='bbox 360 884 573 933; x_wconf 83' lang='lat' dir='ltr'>expugnari</span> <span class='ocrx_word' id='word_1_91' title='bbox 611 897 728 934; x_wconf 89' lang='lat' dir='ltr'>posse</span> <span class='ocrx_word' id='word_1_92' title='bbox 766 883 939 931; x_wconf 84' lang='lat' dir='ltr'>dicebat,</span> <span class='ocrx_word' id='word_1_93' title='bbox 972 883 1012 921; x_wconf 88' lang='lat' dir='ltr'>in</span> <span class='ocrx_word' id='word_1_94' title='bbox 1051 897 1153 933; x_wconf 90' lang='lat' dir='ltr'>quae</span> <span class='ocrx_word' id='word_1_95' title='bbox 1191 885 1314 922; x_wconf 91' lang='lat' dir='ltr'>modo</span> <span class='ocrx_word' id='word_1_96' title='bbox 1351 885 1493 922; x_wconf 88' lang='lat' dir='ltr'>asellus</span> 
     </span>
     <span class='ocr_line' id='line_1_13' title="bbox 162 948 1493 999; baseline 0 -13"><span class='ocrx_word' id='word_1_97' title='bbox 162 956 328 987; x_wconf 85' lang='lat' dir='ltr'>onustus</span> <span class='ocrx_word' id='word_1_98' title='bbox 348 962 445 987; x_wconf 90' lang='lat' dir='ltr'>auro</span> <span class='ocrx_word' id='word_1_99' title='bbox 460 956 594 999; x_wconf 88' lang='lat' dir='ltr'>posset</span> <span class='ocrx_word' id='word_1_100' title='bbox 613 949 838 987; x_wconf 84' lang='lat' dir='ltr'>ascendere.</span> <span class='ocrx_word' id='word_1_101' title='bbox 891 949 1041 988; x_wconf 88' lang='lat' dir='ltr'>Consul</span> <span class='ocrx_word' id='word_1_102' title='bbox 1056 956 1189 986; x_wconf 90' lang='lat' dir='ltr'>autem</span> <span class='ocrx_word' id='word_1_103' title='bbox 1211 948 1275 986; x_wconf 88' lang='lat' dir='ltr'>ille</span> <span class='ocrx_word' id='word_1_104' title='bbox 1291 948 1493 987; x_wconf 86' lang='lat' dir='ltr'>deterioris</span> 
     </span>
     <span class='ocr_line' id='line_1_14' title="bbox 162 1012 1494 1064; baseline -0.001 -13"><span class='ocrx_word' id='word_1_105' title='bbox 162 1013 361 1052; x_wconf 86' lang='lat' dir='ltr'>histrionis</span> <span class='ocrx_word' id='word_1_106' title='bbox 389 1013 525 1052; x_wconf 86' lang='lat' dir='ltr'>similis</span> <span class='ocrx_word' id='word_1_107' title='bbox 556 1016 775 1064; x_wconf 85' lang='lat' dir='ltr'>suscepisse</span> <span class='ocrx_word' id='word_1_108' title='bbox 802 1013 1005 1063; x_wconf 82' lang='lat' dir='ltr'>negotium</span> <span class='ocrx_word' id='word_1_109' title='bbox 1032 1013 1175 1052; x_wconf 90' lang='lat' dir='ltr'>dicitur</span> <span class='ocrx_word' id='word_1_110' title='bbox 1201 1020 1239 1051; x_wconf 90' lang='lat' dir='ltr'>et</span> <span class='ocrx_word' id='word_1_111' title='bbox 1264 1012 1373 1051; x_wconf 91' lang='lat' dir='ltr'>domi</span> <span class='ocrx_word' id='word_1_112' title='bbox 1400 1013 1494 1051; x_wconf 80' lang='lat' dir='ltr'>divi-</span> 
     </span>
     <span class='ocr_line' id='line_1_15' title="bbox 162 1079 1494 1129; baseline -0.001 -13"><span class='ocrx_word' id='word_1_113' title='bbox 162 1092 268 1117; x_wconf 83' lang='lat' dir='ltr'>sores</span> <span class='ocrx_word' id='word_1_114' title='bbox 290 1079 435 1117; x_wconf 87' lang='lat' dir='ltr'>habere</span> <span class='ocrx_word' id='word_1_115' title='bbox 450 1093 459 1127; x_wconf 80' lang='lat'>3</span> <span class='ocrx_word' id='word_1_116' title='bbox 489 1080 599 1129; x_wconf 85' lang='lat' dir='ltr'>quod</span> <span class='ocrx_word' id='word_1_117' title='bbox 626 1092 700 1129; x_wconf 81' lang='lat' dir='ltr'>ego</span> <span class='ocrx_word' id='word_1_118' title='bbox 724 1092 805 1117; x_wconf 84' lang='lat' dir='ltr'>non</span> <span class='ocrx_word' id='word_1_119' title='bbox 832 1079 962 1117; x_wconf 90' lang='lat' dir='ltr'>credo.</span> <span class='ocrx_word' id='word_1_120' title='bbox 1022 1079 1101 1117; x_wconf 88' lang='lat' dir='ltr'>Sed</span> <span class='ocrx_word' id='word_1_121' title='bbox 1128 1085 1286 1116; x_wconf 86' lang='lat' dir='ltr'>senatus</span> <span class='ocrx_word' id='word_1_122' title='bbox 1313 1079 1494 1116; x_wconf 88' lang='lat' dir='ltr'>consulta</span> 
     </span>
     <span class='ocr_line' id='line_1_16' title="bbox 161 1143 1550 1193; baseline -0.002 -12"><span class='ocrx_word' id='word_1_123' title='bbox 161 1144 242 1181; x_wconf 90' lang='lat' dir='ltr'>duo</span> <span class='ocrx_word' id='word_1_124' title='bbox 263 1143 340 1181; x_wconf 82' lang='lat' dir='ltr'>iam</span> <span class='ocrx_word' id='word_1_125' title='bbox 362 1145 464 1181; x_wconf 88' lang='lat' dir='ltr'>facta</span> <span class='ocrx_word' id='word_1_126' title='bbox 484 1151 574 1182; x_wconf 88' lang='lat' dir='ltr'>sunt</span> <span class='ocrx_word' id='word_1_127' title='bbox 591 1143 740 1190; x_wconf 89' lang='lat' dir='ltr'>odiosa,</span> <span class='ocrx_word' id='word_1_128' title='bbox 755 1144 865 1193; x_wconf 86' lang='lat' dir='ltr'>quod</span> <span class='ocrx_word' id='word_1_129' title='bbox 885 1143 925 1180; x_wconf 92' lang='lat' dir='ltr'>in</span> <span class='ocrx_word' id='word_1_130' title='bbox 946 1144 1151 1181; x_wconf 86' lang='lat' dir='ltr'>consulem</span> <span class='ocrx_word' id='word_1_131' title='bbox 1172 1144 1274 1181; x_wconf 86' lang='lat' dir='ltr'>facta</span> <span class='ocrx_word' id='word_1_132' title='bbox 1293 1150 1490 1192; x_wconf 89' lang='lat' dir='ltr'>putantur,</span> <span class='ocrx_word' id='word_1_133' title='bbox 1516 1158 1550 1189; x_wconf 83' lang='lat'>¹5</span> 
     </span>
     <span class='ocr_line' id='line_1_17' title="bbox 162 1207 1492 1258; baseline -0.001 -11"><span class='ocrx_word' id='word_1_134' title='bbox 162 1209 316 1247; x_wconf 83' lang='lat' dir='ltr'>Catone</span> <span class='ocrx_word' id='word_1_135' title='bbox 345 1215 384 1247; x_wconf 90' lang='lat' dir='ltr'>et</span> <span class='ocrx_word' id='word_1_136' title='bbox 412 1208 592 1247; x_wconf 90' lang='lat' dir='ltr'>Domitio</span> <span class='ocrx_word' id='word_1_137' title='bbox 621 1210 856 1258; x_wconf 81' lang='lat' dir='ltr'>postulante,</span> <span class='ocrx_word' id='word_1_138' title='bbox 879 1222 1015 1255; x_wconf 87' lang='lat' dir='ltr'>unum,</span> <span class='ocrx_word' id='word_1_139' title='bbox 1038 1215 1080 1246; x_wconf 90' lang='lat' dir='ltr'>ut</span> <span class='ocrx_word' id='word_1_140' title='bbox 1108 1208 1216 1258; x_wconf 86' lang='lat' dir='ltr'>apud</span> <span class='ocrx_word' id='word_1_141' title='bbox 1246 1207 1492 1257; x_wconf 79' lang='lat' dir='ltr'>magistratus</span> 
     </span>
     <span class='ocr_line' id='line_1_18' title="bbox 159 1272 1492 1323; baseline 0.001 -13"><span class='ocrx_word' id='word_1_142' title='bbox 159 1272 303 1323; x_wconf 85' lang='lat' dir='ltr'>inquiri</span> <span class='ocrx_word' id='word_1_143' title='bbox 324 1273 466 1320; x_wconf 84' lang='lat' dir='ltr'>liceret,</span> <span class='ocrx_word' id='word_1_144' title='bbox 489 1275 668 1320; x_wconf 84' lang='lat' dir='ltr'>alterum,</span> <span class='ocrx_word' id='word_1_145' title='bbox 691 1273 801 1311; x_wconf 87' lang='lat' dir='ltr'>cuius</span> <span class='ocrx_word' id='word_1_146' title='bbox 822 1273 932 1312; x_wconf 88' lang='lat' dir='ltr'>domi</span> <span class='ocrx_word' id='word_1_147' title='bbox 959 1272 1148 1311; x_wconf 87' lang='lat' dir='ltr'>divisores</span> <span class='ocrx_word' id='word_1_148' title='bbox 1173 1272 1408 1320; x_wconf 83' lang='lat' dir='ltr'>habitarent,</span> <span class='ocrx_word' id='word_1_149' title='bbox 1427 1274 1492 1311; x_wconf 89' lang='lat' dir='ltr'>ad-</span> 
     </span>
    </p>

    <p class='ocr_par' dir='ltr' id='par_1_4' title="bbox 97 1337 1552 1894">
     <span class='ocr_line' id='line_1_19' title="bbox 97 1337 1492 1388; baseline 0.001 -14"><span class='ocrx_word' id='word_1_150' title='bbox 97 1347 140 1383; x_wconf 89' lang='lat'>13</span> <span class='ocrx_word' id='word_1_151' title='bbox 159 1351 293 1376; x_wconf 81' lang='lat' dir='ltr'>versus</span> <span class='ocrx_word' id='word_1_152' title='bbox 314 1351 394 1376; x_wconf 92' lang='lat' dir='ltr'>rem</span> <span class='ocrx_word' id='word_1_153' title='bbox 416 1338 629 1388; x_wconf 83' lang='lat' dir='ltr'>publicam.</span> <span class='ocrx_word' id='word_1_154' title='bbox 689 1340 819 1376; x_wconf 87' lang='lat' dir='ltr'>Lurco</span> <span class='ocrx_word' id='word_1_155' title='bbox 839 1345 971 1376; x_wconf 87' lang='lat' dir='ltr'>autem</span> <span class='ocrx_word' id='word_1_156' title='bbox 994 1337 1173 1375; x_wconf 82' lang='lat' dir='ltr'>tribunus</span> <span class='ocrx_word' id='word_1_157' title='bbox 1193 1338 1258 1387; x_wconf 83' lang='lat' dir='ltr'>pL,</span> <span class='ocrx_word' id='word_1_158' title='bbox 1281 1337 1348 1387; x_wconf 84' lang='lat' dir='ltr'>qui</span> <span class='ocrx_word' id='word_1_159' title='bbox 1376 1338 1492 1388; x_wconf 84' lang='lat' dir='ltr'>magi-</span> 
     </span>
     <span class='ocr_line' id='line_1_20' title="bbox 159 1401 1492 1452; baseline 0.001 -12"><span class='ocrx_word' id='word_1_160' title='bbox 159 1410 322 1441; x_wconf 87' lang='lat' dir='ltr'>stratum</span> <span class='ocrx_word' id='word_1_161' title='bbox 344 1402 527 1443; x_wconf 84' lang='lat' dir='ltr'>†insimul</span> <span class='ocrx_word' id='word_1_162' title='bbox 548 1416 638 1441; x_wconf 88' lang='lat' dir='ltr'>cum</span> <span class='ocrx_word' id='word_1_163' title='bbox 660 1404 745 1452; x_wconf 81' lang='lat' dir='ltr'>lege</span> <span class='ocrx_word' id='word_1_164' title='bbox 770 1402 869 1442; x_wconf 71' lang='lat' dir='ltr'>alial·</span> <span class='ocrx_word' id='word_1_165' title='bbox 890 1401 989 1449; x_wconf 82' lang='lat' dir='ltr'>iniit,</span> <span class='ocrx_word' id='word_1_166' title='bbox 1010 1403 1160 1440; x_wconf 85' lang='lat' dir='ltr'>solutus</span> <span class='ocrx_word' id='word_1_167' title='bbox 1182 1410 1239 1440; x_wconf 84' lang='lat' dir='ltr'>est</span> <span class='ocrx_word' id='word_1_168' title='bbox 1261 1410 1300 1440; x_wconf 83' lang='lat' dir='ltr'>et</span> <span class='ocrx_word' id='word_1_169' title='bbox 1320 1402 1434 1440; x_wconf 88' lang='lat' dir='ltr'>Aelia</span> <span class='ocrx_word' id='word_1_170' title='bbox 1453 1410 1492 1441; x_wconf 88' lang='lat' dir='ltr'>et</span> 
     </span>
     <span class='ocr_line' id='line_1_21' title="bbox 159 1466 1552 1517; baseline -0.001 -12"><span class='ocrx_word' id='word_1_171' title='bbox 159 1469 272 1506; x_wconf 85' lang='lat' dir='ltr'>Fufia</span> <span class='ocrx_word' id='word_1_172' title='bbox 297 1475 339 1506; x_wconf 90' lang='lat' dir='ltr'>ut</span> <span class='ocrx_word' id='word_1_173' title='bbox 369 1469 496 1517; x_wconf 83' lang='lat' dir='ltr'>legem</span> <span class='ocrx_word' id='word_1_174' title='bbox 524 1469 575 1506; x_wconf 92' lang='lat' dir='ltr'>de</span> <span class='ocrx_word' id='word_1_175' title='bbox 601 1467 753 1506; x_wconf 88' lang='lat' dir='ltr'>ambitu</span> <span class='ocrx_word' id='word_1_176' title='bbox 782 1468 908 1514; x_wconf 86' lang='lat' dir='ltr'>ferret,</span> <span class='ocrx_word' id='word_1_177' title='bbox 932 1480 1051 1517; x_wconf 88' lang='lat' dir='ltr'>quam</span> <span class='ocrx_word' id='word_1_178' title='bbox 1083 1466 1147 1505; x_wconf 90' lang='lat' dir='ltr'>ille</span> <span class='ocrx_word' id='word_1_179' title='bbox 1177 1468 1286 1505; x_wconf 86' lang='lat' dir='ltr'>bono</span> <span class='ocrx_word' id='word_1_180' title='bbox 1314 1467 1491 1517; x_wconf 84' lang='lat' dir='ltr'>auspicio</span> <span class='ocrx_word' id='word_1_181' title='bbox 1512 1482 1552 1504; x_wconf 72' lang='lat'>20</span> 
     </span>
     <span class='ocr_line' id='line_1_22' title="bbox 158 1531 1487 1582; baseline 0 -12"><span class='ocrx_word' id='word_1_182' title='bbox 158 1534 323 1570; x_wconf 83' lang='lat' dir='ltr'>claudus</span> <span class='ocrx_word' id='word_1_183' title='bbox 357 1534 480 1571; x_wconf 90' lang='lat' dir='ltr'>homo</span> <span class='ocrx_word' id='word_1_184' title='bbox 510 1532 782 1582; x_wconf 79' lang='lat' dir='ltr'>promulgavit.</span> <span class='ocrx_word' id='word_1_185' title='bbox 843 1533 905 1569; x_wconf 85' lang='lat' dir='ltr'>Ita</span> <span class='ocrx_word' id='word_1_186' title='bbox 937 1531 1098 1570; x_wconf 88' lang='lat' dir='ltr'>comitia</span> <span class='ocrx_word' id='word_1_187' title='bbox 1131 1531 1170 1569; x_wconf 88' lang='lat' dir='ltr'>in</span> <span class='ocrx_word' id='word_1_188' title='bbox 1202 1545 1234 1569; x_wconf 89' lang='lat' dir='ltr'>a.</span> <span class='ocrx_word' id='word_1_189' title='bbox 1262 1533 1298 1570; x_wconf 93' lang='lat' dir='ltr'>d.</span> <span class='ocrx_word' id='word_1_190' title='bbox 1330 1544 1369 1569; x_wconf 87' lang='lat' dir='ltr'>VI</span> <span class='ocrx_word' id='word_1_191' title='bbox 1401 1534 1487 1570; x_wconf 86' lang='lat' dir='ltr'>Kal.</span> 
     </span>
     <span class='ocr_line' id='line_1_23' title="bbox 160 1596 1490 1646; baseline 0 -12"><span class='ocrx_word' id='word_1_192' title='bbox 160 1598 261 1635; x_wconf 85' lang='lat' dir='ltr'>Sext.</span> <span class='ocrx_word' id='word_1_193' title='bbox 286 1596 405 1635; x_wconf 88' lang='lat' dir='ltr'>dilata</span> <span class='ocrx_word' id='word_1_194' title='bbox 426 1605 526 1634; x_wconf 82' lang='lat' dir='ltr'>sunt.</span> <span class='ocrx_word' id='word_1_195' title='bbox 590 1596 693 1634; x_wconf 83' lang='lat' dir='ltr'>Novi</span> <span class='ocrx_word' id='word_1_196' title='bbox 714 1603 772 1634; x_wconf 90' lang='lat' dir='ltr'>est</span> <span class='ocrx_word' id='word_1_197' title='bbox 798 1596 838 1633; x_wconf 82' lang='lat' dir='ltr'>in</span> <span class='ocrx_word' id='word_1_198' title='bbox 866 1598 950 1645; x_wconf 75' lang='lat' dir='ltr'>lege</span> <span class='ocrx_word' id='word_1_199' title='bbox 982 1598 1067 1642; x_wconf 86' lang='lat' dir='ltr'>hoc,</span> <span class='ocrx_word' id='word_1_200' title='bbox 1092 1604 1134 1634; x_wconf 90' lang='lat' dir='ltr'>ut</span> <span class='ocrx_word' id='word_1_201' title='bbox 1155 1596 1223 1646; x_wconf 85' lang='lat' dir='ltr'>qui</span> <span class='ocrx_word' id='word_1_202' title='bbox 1244 1610 1428 1635; x_wconf 87' lang='lat' dir='ltr'>nummos</span> <span class='ocrx_word' id='word_1_203' title='bbox 1450 1596 1490 1634; x_wconf 83' lang='lat' dir='ltr'>in</span> 
     </span>
     <span class='ocr_line' id='line_1_24' title="bbox 158 1651 1487 1711; baseline 0 -12"><span class='ocrx_word' id='word_1_204' title='bbox 158 1661 262 1699; x_wconf 88' lang='lat' dir='ltr'>tribu</span> <span class='ocrx_word' id='word_1_205' title='bbox 292 1661 561 1711; x_wconf 82' lang='lat' dir='ltr'>pronuntiarit,</span> <span class='ocrx_word' id='word_1_206' title='bbox 585 1660 617 1699; x_wconf 89' lang='lat' dir='ltr'>si</span> <span class='ocrx_word' id='word_1_207' title='bbox 646 1674 727 1698; x_wconf 89' lang='lat' dir='ltr'>non</span> <span class='ocrx_word' id='word_1_208' title='bbox 757 1661 921 1707; x_wconf 85' lang='lat' dir='ltr'>dederit,</span> <span class='ocrx_word' id='word_1_209' title='bbox 953 1651 1116 1710; x_wconf 82' lang='lat' dir='ltr'>impune</span> <span class='ocrx_word' id='word_1_210' title='bbox 1145 1661 1204 1707; x_wconf 90' lang='lat' dir='ltr'>sit,</span> <span class='ocrx_word' id='word_1_211' title='bbox 1235 1661 1294 1698; x_wconf 81' lang='lat' dir='ltr'>sin</span> <span class='ocrx_word' id='word_1_212' title='bbox 1325 1661 1487 1708; x_wconf 84' lang='lat' dir='ltr'>dederit,</span> 
     </span>
     <span class='ocr_line' id='line_1_25' title="bbox 159 1725 1486 1775; baseline 0.002 -13"><span class='ocrx_word' id='word_1_213' title='bbox 159 1732 202 1763; x_wconf 90' lang='lat' dir='ltr'>ut</span> <span class='ocrx_word' id='word_1_214' title='bbox 231 1727 365 1775; x_wconf 84' lang='lat' dir='ltr'>quoad</span> <span class='ocrx_word' id='word_1_215' title='bbox 395 1725 497 1763; x_wconf 84' lang='lat' dir='ltr'>vivat</span> <span class='ocrx_word' id='word_1_216' title='bbox 527 1725 688 1775; x_wconf 79' lang='lat' dir='ltr'>singulis</span> <span class='ocrx_word' id='word_1_217' title='bbox 720 1725 927 1764; x_wconf 86' lang='lat' dir='ltr'>tribulibus</span> <span class='ocrx_word' id='word_1_218' title='bbox 960 1728 1032 1764; x_wconf 86' lang='lat' dir='ltr'>HS</span> <span class='ocrx_word' id='word_1_219' title='bbox 1059 1738 1126 1764; x_wconf 73' lang='lat' dir='ltr'>Clo</span> <span class='ocrx_word' id='word_1_220' title='bbox 1150 1738 1216 1765; x_wconf 76' lang='lat' dir='ltr'>clo</span> <span class='ocrx_word' id='word_1_221' title='bbox 1240 1738 1306 1764; x_wconf 73' lang='lat' dir='ltr'>clo</span> <span class='ocrx_word' id='word_1_222' title='bbox 1333 1727 1486 1765; x_wconf 83' lang='lat' dir='ltr'>debeat.</span> 
     </span>
     <span class='ocr_line' id='line_1_26' title="bbox 161 1789 1548 1840; baseline 0 -13"><span class='ocrx_word' id='word_1_223' title='bbox 161 1789 252 1827; x_wconf 80' lang='lat' dir='ltr'>Dixi</span> <span class='ocrx_word' id='word_1_224' title='bbox 274 1791 375 1827; x_wconf 82' lang='lat' dir='ltr'>hanc</span> <span class='ocrx_word' id='word_1_225' title='bbox 396 1791 521 1839; x_wconf 81' lang='lat' dir='ltr'>legem</span> <span class='ocrx_word' id='word_1_226' title='bbox 544 1792 584 1826; x_wconf 88' lang='lat' dir='ltr'>P.</span> <span class='ocrx_word' id='word_1_227' title='bbox 602 1789 788 1828; x_wconf 90' lang='lat' dir='ltr'>Clodium</span> <span class='ocrx_word' id='word_1_228' title='bbox 807 1790 883 1828; x_wconf 85' lang='lat' dir='ltr'>iam</span> <span class='ocrx_word' id='word_1_229' title='bbox 900 1798 991 1828; x_wconf 89' lang='lat' dir='ltr'>ante</span> <span class='ocrx_word' id='word_1_230' title='bbox 1012 1804 1209 1838; x_wconf 77' lang='lat' dir='ltr'>servasse;</span> <span class='ocrx_word' id='word_1_231' title='bbox 1238 1791 1490 1840; x_wconf 86' lang='lat' dir='ltr'>pronuntiare</span> <span class='ocrx_word' id='word_1_232' title='bbox 1512 1807 1548 1839; x_wconf 82' lang='lat'>25</span> 
     </span>
     <span class='ocr_line' id='line_1_27' title="bbox 159 1853 1491 1894; baseline 0.001 -1"><span class='ocrx_word' id='word_1_233' title='bbox 159 1853 265 1893; x_wconf 87' lang='lat' dir='ltr'>enirn</span> <span class='ocrx_word' id='word_1_234' title='bbox 287 1854 446 1893; x_wconf 90' lang='lat' dir='ltr'>solitum</span> <span class='ocrx_word' id='word_1_235' title='bbox 467 1868 552 1893; x_wconf 86' lang='lat' dir='ltr'>esse</span> <span class='ocrx_word' id='word_1_236' title='bbox 572 1862 610 1893; x_wconf 91' lang='lat' dir='ltr'>et</span> <span class='ocrx_word' id='word_1_237' title='bbox 630 1868 711 1893; x_wconf 90' lang='lat' dir='ltr'>non</span> <span class='ocrx_word' id='word_1_238' title='bbox 732 1856 836 1893; x_wconf 90' lang='lat' dir='ltr'>dare.</span> <span class='ocrx_word' id='word_1_239' title='bbox 897 1856 975 1893; x_wconf 88' lang='lat' dir='ltr'>Sed</span> <span class='ocrx_word' id='word_1_240' title='bbox 999 1857 1097 1893; x_wconf 83' lang='lat' dir='ltr'>heus</span> <span class='ocrx_word' id='word_1_241' title='bbox 1118 1863 1159 1894; x_wconf 86' lang='lat' dir='ltr'>tu</span> <span class='ocrx_word' id='word_1_242' title='bbox 1177 1859 1183 1894; x_wconf 79' lang='lat'>1</span> <span class='ocrx_word' id='word_1_243' title='bbox 1213 1856 1375 1894; x_wconf 85' lang='lat' dir='ltr'>videsne</span> <span class='ocrx_word' id='word_1_244' title='bbox 1400 1870 1491 1894; x_wconf 87' lang='lat' dir='ltr'>eon-</span> 
     </span>
    </p>
   </div>
   <div class='ocr_carea' id='block_1_3' title="bbox 1761 0 1790 672">
    <p class='ocr_par' dir='ltr' id='par_1_5' title="bbox 1761 0 1790 672">
     <span class='ocr_line' id='line_1_28' title="bbox 1761 0 1790 672; baseline 0 2165"><span class='ocrx_word' id='word_1_245' title='bbox 1761 0 1790 672; x_wconf 95' lang='lat' dir='ltr'> </span> 
     </span>
    </p>
   </div>
   <div class='ocr_carea' id='block_1_4' title="bbox 1765 1023 1775 1216">
    <p class='ocr_par' dir='ltr' id='par_1_6' title="bbox 1765 1023 1775 1216">
     <span class='ocr_line' id='line_1_29' title="bbox 1765 1023 1775 1216; textangle 90"><span class='ocrx_word' id='word_1_246' title='bbox 1765 1210 1769 1216; x_wconf 77' lang='lat'>.</span> <span class='ocrx_word' id='word_1_247' title='bbox 1767 1083 1775 1163; x_wconf 49' lang='lat' dir='ltr'>..z-j.-.</span> <span class='ocrx_word' id='word_1_248' title='bbox 1766 1023 1773 1045; x_wconf 65' lang='grc'>-,.</span> 
     </span>
    </p>
   </div>
   <div class='ocr_carea' id='block_1_5' title="bbox 1762 1338 1772 1565">
    <p class='ocr_par' dir='ltr' id='par_1_7' title="bbox 1762 1338 1772 1565">
     <span class='ocr_line' id='line_1_30' title="bbox 1762 1338 1772 1565; textangle 90"><span class='ocrx_word' id='word_1_249' title='bbox 1762 1531 1769 1565; x_wconf 64' lang='grc' dir='ltr'>ν.</span> <span class='ocrx_word' id='word_1_250' title='bbox 1766 1460 1771 1490; x_wconf 77' lang='grc'>.-</span> <span class='ocrx_word' id='word_1_251' title='bbox 1764 1338 1772 1437; x_wconf 42' lang='grc' dir='ltr'>,ια-ιη..</span> 
     </span>
    </p>
   </div>
   <div class='ocr_carea' id='block_1_6' title="bbox 156 1957 1490 2349">
    <p class='ocr_par' dir='ltr' id='par_1_8' title="bbox 156 1957 1490 2349">
     <span class='ocr_line' id='line_1_31' title="bbox 202 1957 1490 1999; baseline 0.002 -11"><span class='ocrx_word' id='word_1_252' title='bbox 202 1969 221 1996; x_wconf 86' lang='grc'>4</span> <span class='ocrx_word' id='word_1_253' title='bbox 247 1959 386 1988; x_wconf 82' lang='lat' dir='ltr'>iuvenes</span> <span class='ocrx_word' id='word_1_254' title='bbox 414 1957 593 1988; x_wconf 75' lang='lat' dir='ltr'>Ascensz&#39;us</span> <span class='ocrx_word' id='word_1_255' title='bbox 620 1958 680 1999; x_wconf 76' lang='lat' dir='ltr'>(ed.</span> <span class='ocrx_word' id='word_1_256' title='bbox 712 1959 765 1996; x_wconf 52' lang='lat'>13:</span> <span class='ocrx_word' id='word_1_257' title='bbox 798 1963 898 1989; x_wconf 83' lang='lat' dir='ltr'>tuens</span> <span class='ocrx_word' id='word_1_258' title='bbox 926 1959 1014 1990; x_wconf 94' lang='lat' dir='ltr'>codd.</span> <span class='ocrx_word' id='word_1_259' title='bbox 1174 1970 1192 1998; x_wconf 92' lang='lat'><strong>5</strong></span> <span class='ocrx_word' id='word_1_260' title='bbox 1217 1959 1304 1991; x_wconf 84' lang='lat' dir='ltr'>ludis</span> <span class='ocrx_word' id='word_1_261' title='bbox 1333 1965 1366 1990; x_wconf 88' lang='lat' dir='ltr'>et</span> <span class='ocrx_word' id='word_1_262' title='bbox 1394 1965 1490 1992; x_wconf 57' lang='lat' dir='ltr'><em>vein:</em></span> 
     </span>
     <span class='ocr_line' id='line_1_32' title="bbox 158 2001 1490 2043; baseline 0.002 -12"><span class='ocrx_word' id='word_1_263' title='bbox 158 2002 253 2032; x_wconf 86' lang='lat' dir='ltr'>ludet</span> <span class='ocrx_word' id='word_1_264' title='bbox 284 2003 311 2031; x_wconf 85' lang='lat' dir='ltr'>si</span> <span class='ocrx_word' id='word_1_265' title='bbox 344 2001 434 2032; x_wconf 86' lang='lat' dir='ltr'>codd.</span> <span class='ocrx_word' id='word_1_266' title='bbox 600 2004 620 2032; x_wconf 91' lang='lat'>8</span> <span class='ocrx_word' id='word_1_267' title='bbox 640 2006 715 2042; x_wconf 76' lang='lat' dir='ltr'>post</span> <span class='ocrx_word' id='word_1_268' title='bbox 744 2004 954 2042; x_wconf 86' lang='lat' dir='ltr'>exspectatio</span> <span class='ocrx_word' id='word_1_269' title='bbox 982 2002 1056 2033; x_wconf 82' lang='lat' dir='ltr'>add.</span> <span class='ocrx_word' id='word_1_270' title='bbox 1088 2003 1119 2033; x_wconf 87' lang='lat' dir='ltr'>in</span> <span class='ocrx_word' id='word_1_271' title='bbox 1151 2003 1230 2032; x_wconf 88' lang='lat' dir='ltr'>MH</span> <span class='ocrx_word' id='word_1_272' title='bbox 1256 2004 1342 2034; x_wconf 78' lang='lat' dir='ltr'>nude</span> <span class='ocrx_word' id='word_1_273' title='bbox 1367 2005 1490 2043; x_wconf 81' lang='lat' dir='ltr'>ingens</span> 
     </span>
     <span class='ocr_line' id='line_1_33' title="bbox 160 2044 1487 2086; baseline 0.002 -11"><span class='ocrx_word' id='word_1_274' title='bbox 160 2044 342 2083; x_wconf 71' lang='lat' dir='ltr'>Govemzus,</span> <span class='ocrx_word' id='word_1_275' title='bbox 361 2046 437 2075; x_wconf 71' lang='lat' dir='ltr'>alii:</span> <span class='ocrx_word' id='word_1_276' title='bbox 461 2056 525 2076; x_wconf 84' lang='lat' dir='ltr'>om.</span> <span class='ocrx_word' id='word_1_277' title='bbox 548 2046 580 2075; x_wconf 89' lang='lat' dir='ltr'>in</span> <span class='ocrx_word' id='word_1_278' title='bbox 599 2047 688 2076; x_wconf 72' lang='lat' dir='ltr'>ceteri</span> <span class='ocrx_word' id='word_1_279' title='bbox 701 2046 786 2077; x_wconf 85' lang='lat' dir='ltr'>codd.</span> <span class='ocrx_word' id='word_1_280' title='bbox 806 2046 876 2077; x_wconf 85' lang='lat' dir='ltr'>edd.</span> <span class='ocrx_word' id='word_1_281' title='bbox 998 2057 1084 2085; x_wconf 83' lang='lat' dir='ltr'>quae</span> <span class='ocrx_word' id='word_1_282' title='bbox 1105 2046 1271 2076; x_wconf 71' lang='lat' dir='ltr'>Corradus</span> <span class='ocrx_word' id='word_1_283' title='bbox 1287 2060 1293 2065; x_wconf 91' lang='lat'>·</span> <span class='ocrx_word' id='word_1_284' title='bbox 1317 2058 1382 2086; x_wconf 85' lang='lat' dir='ltr'>qua</span> <span class='ocrx_word' id='word_1_285' title='bbox 1399 2048 1487 2078; x_wconf 83' lang='lat' dir='ltr'>codd.</span> 
     </span>
     <span class='ocr_line' id='line_1_34' title="bbox 160 2088 1486 2130; baseline 0.002 -12"><span class='ocrx_word' id='word_1_286' title='bbox 160 2097 199 2118; x_wconf 84' lang='lat'>12</span> <span class='ocrx_word' id='word_1_287' title='bbox 224 2089 375 2118; x_wconf 87' lang='lat' dir='ltr'>deterior</span> <span class='ocrx_word' id='word_1_288' title='bbox 392 2089 574 2128; x_wconf 69' lang='lat' dir='ltr'>Slcrnkojfi</span> <span class='ocrx_word' id='word_1_289' title='bbox 586 2089 667 2127; x_wconf 83' lang='lat' dir='ltr'>fort.</span> <span class='ocrx_word' id='word_1_290' title='bbox 692 2093 786 2120; x_wconf 79' lang='lat' dir='ltr'>recle:</span> <span class='ocrx_word' id='word_1_291' title='bbox 811 2088 1048 2130; x_wconf 80' lang='grc' dir='ltr'>δευτερεύοντος</span> <span class='ocrx_word' id='word_1_292' title='bbox 1066 2090 1178 2120; x_wconf 72' lang='lat' dir='ltr'>Maur.</span> <span class='ocrx_word' id='word_1_293' title='bbox 1199 2090 1357 2130; x_wconf 53' lang='lat' dir='ltr'>Sepffi’rt:</span> <span class='ocrx_word' id='word_1_294' title='bbox 1384 2091 1486 2122; x_wconf 86' lang='lat' dir='ltr'>Dote-</span> 
     </span>
     <span class='ocr_line' id='line_1_35' title="bbox 159 2132 1487 2172; baseline 0.002 -11"><span class='ocrx_word' id='word_1_295' title='bbox 159 2132 265 2161; x_wconf 84' lang='lat' dir='ltr'>rionis</span> <span class='ocrx_word' id='word_1_296' title='bbox 281 2132 402 2162; x_wconf 76' lang='lat' dir='ltr'>Bosz&#39;us</span> <span class='ocrx_word' id='word_1_297' title='bbox 536 2142 572 2171; x_wconf 91' lang='lat'>17</span> <span class='ocrx_word' id='word_1_298' title='bbox 598 2134 686 2163; x_wconf 88' lang='lat' dir='ltr'>domi</span> <span class='ocrx_word' id='word_1_299' title='bbox 706 2132 799 2164; x_wconf 81' lang='lat' dir='ltr'>Man.</span> <span class='ocrx_word' id='word_1_300' title='bbox 819 2145 825 2163; x_wconf 92' lang='lat'>:</span> <span class='ocrx_word' id='word_1_301' title='bbox 850 2134 940 2164; x_wconf 90' lang='lat' dir='ltr'>modi</span> <span class='ocrx_word' id='word_1_302' title='bbox 958 2133 1045 2165; x_wconf 85' lang='lat' dir='ltr'>codd.</span> <span class='ocrx_word' id='word_1_303' title='bbox 1198 2144 1236 2172; x_wconf 91' lang='lat'>19</span> <span class='ocrx_word' id='word_1_304' title='bbox 1260 2135 1393 2164; x_wconf 83' lang='lat' dir='ltr'>insimul</span> <span class='ocrx_word' id='word_1_305' title='bbox 1413 2145 1487 2165; x_wconf 87' lang='lat' dir='ltr'>curn</span> 
     </span>
     <span class='ocr_line' id='line_1_36' title="bbox 161 2175 1487 2209; baseline 0.003 -5"><span class='ocrx_word' id='word_1_306' title='bbox 161 2175 234 2204; x_wconf 78' lang='lat' dir='ltr'>M¹z</span> <span class='ocrx_word' id='word_1_307' title='bbox 259 2176 356 2206; x_wconf 85' lang='lat' dir='ltr'>simul</span> <span class='ocrx_word' id='word_1_308' title='bbox 381 2186 454 2206; x_wconf 88' lang='lat' dir='ltr'>cum</span> <span class='ocrx_word' id='word_1_309' title='bbox 478 2176 568 2206; x_wconf 73' lang='lat' dir='ltr'>ceteri</span> <span class='ocrx_word' id='word_1_310' title='bbox 582 2176 671 2207; x_wconf 83' lang='lat' dir='ltr'>codd.</span> <span class='ocrx_word' id='word_1_311' title='bbox 689 2188 696 2206; x_wconf 89' lang='lat'>:</span> <span class='ocrx_word' id='word_1_312' title='bbox 729 2177 955 2206; x_wconf 83' lang='lat' dir='ltr'>insimulatum</span> <span class='ocrx_word' id='word_1_313' title='bbox 979 2177 1125 2207; x_wconf 75' lang='lat' dir='ltr'>M&#39;zmro:</span> <span class='ocrx_word' id='word_1_314' title='bbox 1150 2177 1362 2208; x_wconf 80' lang='lat' dir='ltr'>insimulatus</span> <span class='ocrx_word' id='word_1_315' title='bbox 1383 2177 1487 2209; x_wconf 68' lang='lat' dir='ltr'>Reid:</span> 
     </span>
     <span class='ocr_line' id='line_1_37' title="bbox 159 2218 1487 2259; baseline 0.003 -11"><span class='ocrx_word' id='word_1_316' title='bbox 159 2219 192 2248; x_wconf 83' lang='lat' dir='ltr'>in</span> <span class='ocrx_word' id='word_1_317' title='bbox 225 2219 395 2249; x_wconf 83' lang='lat' dir='ltr'>simultate</span> <span class='ocrx_word' id='word_1_318' title='bbox 427 2230 500 2249; x_wconf 90' lang='lat' dir='ltr'>cum</span> <span class='ocrx_word' id='word_1_319' title='bbox 528 2218 711 2259; x_wconf 69' lang='lat' dir='ltr'>Sternkopf</span> <span class='ocrx_word' id='word_1_320' title='bbox 842 2219 942 2250; x_wconf 83' lang='lat' dir='ltr'>Aelia</span> <span class='ocrx_word' id='word_1_321' title='bbox 970 2219 1091 2250; x_wconf 67' lang='lat' dir='ltr'><strong><em>O³M2:</em></strong></span> <span class='ocrx_word' id='word_1_322' title='bbox 1130 2221 1195 2251; x_wconf 81' lang='lat' dir='ltr'>alia</span> <span class='ocrx_word' id='word_1_323' title='bbox 1224 2221 1307 2251; x_wconf 82' lang='lat' dir='ltr'>codd</span> <span class='ocrx_word' id='word_1_324' title='bbox 1333 2233 1339 2251; x_wconf 72' lang='grc' dir='ltr'><strong><em>ε</em></strong></span> <span class='ocrx_word' id='word_1_325' title='bbox 1376 2221 1487 2252; x_wconf 76' lang='lat' dir='ltr'>Acilia</span> 
     </span>
     <span class='ocr_line' id='line_1_38' title="bbox 156 2260 1482 2304; baseline 0.004 -14"><span class='ocrx_word' id='word_1_326' title='bbox 156 2260 268 2291; x_wconf 71' lang='lat' dir='ltr'>Deiler</span> <span class='ocrx_word' id='word_1_327' title='bbox 283 2264 371 2302; x_wconf 73' lang='lat' dir='ltr'>(cum</span> <span class='ocrx_word' id='word_1_328' title='bbox 393 2263 622 2301; x_wconf 65' lang='lat' dir='ltr'>insimulatus)</span> <span class='ocrx_word' id='word_1_329' title='bbox 646 2274 685 2293; x_wconf 81' lang='lat' dir='ltr'>sc.</span> <span class='ocrx_word' id='word_1_330' title='bbox 711 2263 777 2303; x_wconf 70' lang='lat' dir='ltr'>ltge</span> <span class='ocrx_word' id='word_1_331' title='bbox 797 2262 904 2293; x_wconf 78' lang='lat' dir='ltr'>Acilia</span> <span class='ocrx_word' id='word_1_332' title='bbox 926 2263 1108 2304; x_wconf 76' lang='lat' dir='ltr'>Calpurnia</span> <span class='ocrx_word' id='word_1_333' title='bbox 1130 2263 1168 2293; x_wconf 84' lang='lat' dir='ltr'>de</span> <span class='ocrx_word' id='word_1_334' title='bbox 1187 2265 1315 2294; x_wconf 76' lang='lat' dir='ltr'>ambitu</span> <span class='ocrx_word' id='word_1_335' title='bbox 1341 2275 1370 2294; x_wconf 86' lang='grc' dir='ltr'>α.</span> <span class='ocrx_word' id='word_1_336' title='bbox 1399 2276 1430 2295; x_wconf 84' lang='lat' dir='ltr'>n.</span> <span class='ocrx_word' id='word_1_337' title='bbox 1459 2275 1482 2296; x_wconf 91' lang='lat' dir='ltr'>c.</span> 
     </span>
     <span class='ocr_line' id='line_1_39' title="bbox 158 2306 1485 2349; baseline 0.004 -16"><span class='ocrx_word' id='word_1_338' title='bbox 158 2307 222 2342; x_wconf 79' lang='lat'>687</span> <span class='ocrx_word' id='word_1_339' title='bbox 246 2306 312 2346; x_wconf 33' lang='lat' dir='ltr'>³=t⁶7)</span> <span class='ocrx_word' id='word_1_340' title='bbox 334 2306 401 2337; x_wconf 79' lang='lat' dir='ltr'>lata</span> <span class='ocrx_word' id='word_1_341' title='bbox 543 2315 584 2345; x_wconf 87' lang='lat'>23</span> <span class='ocrx_word' id='word_1_342' title='bbox 610 2307 697 2338; x_wconf 87' lang='lat' dir='ltr'>tribu</span> <span class='ocrx_word' id='word_1_343' title='bbox 724 2306 810 2338; x_wconf 87' lang='lat' dir='ltr'>codd.</span> <span class='ocrx_word' id='word_1_344' title='bbox 830 2317 837 2336; x_wconf 90' lang='lat'>:</span> <span class='ocrx_word' id='word_1_345' title='bbox 870 2307 975 2338; x_wconf 83' lang='lat' dir='ltr'>tribus</span> <span class='ocrx_word' id='word_1_346' title='bbox 999 2306 1021 2337; x_wconf 94' lang='lat' dir='ltr'><em>I</em></span> <span class='ocrx_word' id='word_1_347' title='bbox 1043 2307 1130 2349; x_wconf 80' lang='lat' dir='ltr'>vulg.</span> <span class='ocrx_word' id='word_1_348' title='bbox 1150 2318 1156 2338; x_wconf 93' lang='lat'>:</span> <span class='ocrx_word' id='word_1_349' title='bbox 1189 2308 1339 2339; x_wconf 86' lang='lat' dir='ltr'>tribubus</span> <span class='ocrx_word' id='word_1_350' title='bbox 1361 2306 1485 2339; x_wconf 69' lang='lat' dir='ltr'>chsen-</span> 
     </span>
    </p>
   </div>
   <div class='ocr_carea' id='block_1_7' title="bbox 156 2347 233 2389">
    <p class='ocr_par' dir='ltr' id='par_1_9' title="bbox 156 2347 233 2389">
     <span class='ocr_line' id='line_1_40' title="bbox 156 2347 233 2389; baseline -0.026 -11"><span class='ocrx_word' id='word_1_351' title='bbox 156 2347 233 2389; x_wconf 73' lang='lat' dir='ltr'>berg</span> 
     </span>
    </p>
   </div>
   <div class='ocr_carea' id='block_1_8' title="bbox 1753 1755 1790 2837">
    <p class='ocr_par' dir='ltr' id='par_1_10' title="bbox 1753 1755 1790 2837">
     <span class='ocr_line' id='line_1_41' title="bbox 1753 1755 1790 2837; baseline 0 0"><span class='ocrx_word' id='word_1_352' title='bbox 1753 1755 1790 2837; x_wconf 95' lang='lat' dir='ltr'> </span> 
     </span>
    </p>
   </div>
  </div>
 </body>
</html>
