1790 2837
84 117 162 155 III.
185 117 279 154 xvii
542 118 598 156 M.
630 118 799 155 TVLLI
830 117 1137 157 CICERONIS

216 225 353 260 XVII
442 227 511 260 Ser.
539 227 775 259 Thessalonicae
784 233 837 269 pr.
858 227 943 260 Non.
963 228 1050 270 Sept.
1071 240 1100 260 a.
1122 228 1186 270 696
1204 228 1291 270 (58).

597 305 771 337 CICERO
796 304 967 336 ATTICO
994 306 1091 337 SAL.

138 394 156 421 1
231 386 292 423 De
321 383 472 433 Quinto
499 384 614 422 fratre
644 383 772 422 nuntii
799 383 913 422 nobis
945 383 1071 421 tristes
1102 396 1175 422 nec
1202 382 1295 421 varii
1319 390 1507 422 venerant

175 464 221 488 ex
245 456 336 487 ante
361 448 467 487 diem
488 456 556 486 [ΙΙ
578 450 681 487 Non.
708 450 793 486 Iun.
817 462 941 498 usque
965 449 1015 486 ad
1046 447 1142 498 prid.
1168 449 1256 485 Kal.
1280 449 1384 498 Sept.
1445 450 1506 487 Eo

171 523 304 554 autem
337 514 401 553 die
436 514 637 553 Livineius
672 516 715 552 L.
749 514 890 564 Reguli
919 513 1080 552 libertus
1118 514 1169 552 ad
1204 526 1267 551 me
1301 527 1324 551 a
1351 515 1505 563 Regulo

172 580 313 619 missus
343 579 459 618 venit.
522 582 561 618 Is
595 579 760 618 omnino
791 579 1034 618 mentionem
1066 580 1215 616 nullam
1245 579 1388 616 factam
1420 592 1505 617 esse

171 643 366 682 nuntiavit
387 646 457 682 sed
478 645 598 683 fuisse
619 652 751 683 tamen
772 658 995 682 sermonem
1017 645 1067 682 de
1089 644 1132 683 C.
1153 643 1270 682 Clodi
1291 643 1371 681 filio
1392 642 1504 693 isque

171 709 269 748 mihi
298 707 390 761 *sffffi
422 712 536 748 fratre
570 710 715 748 litteras
747 710 885 748 attulit.
946 711 1024 748 Sed
1051 708 1239 759 postridie
1267 708 1367 747 Sesti
1393 708 1503 758 pueri

170 783 362 814 venerunt
392 776 459 825 qui
487 789 510 813 a
537 783 574 813 te
603 775 749 813 litteras
777 776 990 813 attulerunt
1017 787 1097 812 non
1124 782 1203 812 tam
1234 775 1451 823 exploratas
1480 787 1504 811 a

171 839 310 879 timore
338 855 457 891 quam
487 854 615 879 sermo
643 840 796 878 Livinei
823 841 956 878 fuerat.
1018 841 1120 877 Sane
1147 853 1235 877 sum
1264 838 1304 876 in
1332 852 1422 877 meo
1448 838 1503 876 in-

171 904 281 943 finito
304 919 478 944 maerore
499 905 687 943 sollicitus
709 912 746 943 et
762 918 810 943 eo
831 904 953 954 magis
975 906 1083 954 quod
1100 903 1205 954 Appi
1222 903 1399 953 quaestio
1420 911 1488 942 est.

127 980 151 1007 2
226 972 366 1010 Cetera
393 985 494 1021 quae
520 973 571 1009 ad
599 985 661 1009 me
688 970 838 1009 eisdem
866 970 1001 1008 litteris
1029 969 1164 1008 scribis
1189 970 1238 1008 de
1263 976 1395 1007 nostra
1419 982 1499 1019 spe,

170 1035 355 1086 intellego
377 1050 461 1074 esse
482 1035 727 1086 languidiora
747 1049 865 1086 quam
886 1035 950 1073 alii
971 1036 1196 1073 ostendunt.
1258 1036 1343 1084 Ego
1368 1041 1500 1072 autem

170 1101 359 1150 quoniam
394 1115 475 1139 non
509 1103 625 1151 longe
658 1101 708 1139 ab
743 1115 791 1139 eo
826 1108 1001 1150 tempore
1035 1100 1222 1138 absumus
1257 1099 1297 1136 in
1327 1112 1406 1148 quo
1440 1113 1500 1137 res

170 1166 460 1214 diiudicabitur‚
482 1174 549 1204 aut
569 1167 619 1204 ad
637 1174 674 1204 te
698 1168 897 1204 conferam
919 1179 982 1204 me
1002 1174 1068 1203 aut
1085 1165 1202 1203 etiam
1225 1178 1330 1202 nunc
1351 1164 1497 1203 circum

127 1238 150 1275 3
171 1233 268 1271 haec
298 1234 385 1271 loca
416 1233 702 1271 commorabor.
767 1232 908 1270 Scribit
937 1233 988 1270 ad
1023 1246 1086 1270 me
1119 1233 1233 1270 frater
1267 1231 1400 1270 omnia
1430 1245 1499 1269 sua

170 1311 238 1348 per
259 1306 296 1336 te
323 1311 446 1336 unum
474 1297 664 1336 sustineri.
725 1297 834 1345 Quid
855 1305 892 1335 te
920 1304 988 1335 aut
1011 1299 1142 1335 horter
1170 1299 1277 1347 quod
1305 1297 1410 1344 facis,
1433 1305 1499 1335 aut

168 1377 282 1413 agam
309 1363 449 1413 gratias
480 1364 589 1413 quod
616 1377 697 1401 non
724 1364 955 1412 exspectas?
1002 1364 1176 1400 Tantum
1199 1363 1316 1401 velim
1344 1365 1500 1401 fortuna

168 1429 235 1467 det
251 1428 366 1467 nobis
387 1436 623 1479 potestatem
644 1436 685 1466 ut
702 1428 919 1466 incolumes
940 1441 1073 1466 amore
1094 1436 1228 1466 nostro
1245 1429 1496 1478 perfruamur.

167 1495 275 1532 Tuas
314 1494 458 1532 litteras
497 1507 651 1544 semper
689 1492 857 1531 maxime
897 1501 1107 1543 exspecto;
1147 1493 1187 1531 in
1222 1493 1365 1543 quibus
1405 1506 1498 1531 cave

167 1572 323 1597 vereare
344 1573 393 1598 ne
413 1567 480 1598 aut
500 1558 702 1609 diligentia
722 1566 788 1597 tua
810 1558 904 1596 mihi
926 1560 1090 1598 molesta
1111 1567 1177 1598 aut
1198 1558 1337 1597 veritas
1357 1558 1499 1596 acerba

167 1624 226 1664 sit.
288 1626 391 1663 Data
411 1638 465 1674 pr.
485 1626 622 1662 Nonas
644 1625 748 1674 Sept.

210 1753 372 1788 XVIII
418 1755 487 1787 Ser.
513 1756 750 1787 Thessalonicae
766 1756 871 1787 medio
890 1768 933 1788 m.
955 1756 1043 1798 Sept.
1062 1768 1094 1789 a.
1112 1756 1176 1798 696
1188 1757 1269 1798 (58).

585 1833 760 1864 CICERO
784 1834 957 1865 ATTICO
983 1834 1081 1864 SAL.

131 1927 150 1955 1
223 1912 569 1963 Exspectationem
609 1912 724 1950 nobis
758 1926 839 1951 non
869 1926 1026 1962 parvam
1065 1913 1249 1949 attuleras
1284 1924 1373 1948 cum
1409 1909 1496 1948 scri-

167 1980 523 2028 pserasVarronem
532 1977 602 2015 tibi
616 1992 686 2028 pro
700 1978 871 2016 amicitia
884 1979 1136 2016 confirmasse
1150 1990 1308 2015 causam
1323 1983 1495 2013 nostram

167 2042 402 2093 Pompeium
427 2050 532 2080 certe
559 2051 830 2093 suscepturum
852 2050 901 2089 et,
924 2042 1039 2080 simul
1060 2056 1082 2080 a
1103 2043 1271 2081 Caesare
1292 2040 1327 2078 ci
1347 2040 1496 2078 litterae

167 2122 263 2159 quas
294 2116 534 2159 exspectaret
565 2109 749 2148 remissae
779 2115 919 2155 essent,
947 2115 1120 2146 actorem
1151 2106 1268 2145 etiam
1299 2108 1493 2145 daturum.

211 2225 230 2252 4
256 2223 295 2243 111
313 2213 386 2243 add.
409 2212 518 2243 Hand
641 2223 660 2251 5
688 2213 713 2243 L
731 2211 823 2243 Allan.
843 2223 849 2242 τ
875 2211 907 2241 Μ
927 2210 988 2242 M:
1013 2221 1076 2242 om.
1095 2210 1122 2241 C
1251 2210 1271 2240 8
1294 2206 1365 2248 q‘ffil
1389 2214 1458 2239 tum
1477 2220 1497 2240 a

166 2261 262 2288 vem:
286 2268 305 2287 a
323 2257 363 2295 Q.
382 2257 481 2286 Klots
678 2260 751 2296 pos!
779 2256 888 2285 attulit
917 2254 991 2285 add.
1019 2265 1037 2284 a
1062 2260 1094 2284 te
1119 2253 1228 2284 nullas
1245 2254 1356 2284 attulit
1374 2253 1495 2283 Lamb.

170 2304 257 2340 (teste
276 2300 510 2341 Wesenbmgio)
602 2310 638 2329 21
665 2309 803 2330 vereare
820 2298 1027 2337 lsls'esenberg:
1059 2299 1169 2328 vereri
1191 2295 1231 2327 Zl
1253 2299 1495 2337 (‘quamquanz

163 2347 327 2384 postrema
353 2344 476 2383 syllaba
505 2354 570 2373 non
598 2343 783 2373 admodum
811 2344 1011 2383 appareas),
1037 2342 1094 2371 sed
1123 2351 1204 2371 cave
1234 2351 1308 2371 cum
1335 2339 1496 2379 infinilz'vo

168 2387 373 2419 coniunctmn
392 2388 447 2418 vix
463 2387 617 2418 Ciceronis
631 2391 678 2417 est
692 2398 698 2417 :
723 2397 788 2418 om.
807 2385 848 2416 M
935 2386 976 2416 28
1000 2390 1150 2416 actorem
1167 2383 1207 2416 Zl
1224 2395 1231 2417 ε
1255 2388 1425 2416 auctorem
1442 2382 1481 2414 M

1525 528 1542 560 5

1525 855 1564 879 10

1520 1505 1559 1526 20

1519 1926 1555 1958 25
