1790 2837
614 132 726 170 EPP.
758 133 836 170 AD
865 131 1127 172 ATTICVM
1464 131 1540 168 ΙΙΙ.
1559 130 1622 168 vii

200 251 307 294 grata
339 251 398 283 est
427 252 465 282 et
495 243 657 282 minime
687 257 798 283 nova.
860 245 974 282 Esset
1004 242 1212 282 consilium
1242 242 1337 281 mihi
1366 242 1527 293 quidem

200 317 390 359 optatum,
414 308 445 347 si
474 308 606 348 liceret
634 309 688 347 ibi
712 322 830 348 omne
857 316 1012 358 tempus
1042 322 1273 347 consumere
1289 323 1298 355 3
1328 307 1395 347 odi
1421 307 1526 346 enim

200 373 478 421 celebritatem,
511 373 617 424 fugio
655 373 846 421 homines,
883 375 1011 411 lucem
1046 373 1219 423 aspicere
1250 373 1312 410 vix
1350 386 1522 423 possum,

199 446 301 477 esset
332 438 428 476 mihi
458 438 530 476 ista
564 438 746 485 solitudo,
777 438 1002 489 praesertim
1037 446 1116 475 tam
1147 437 1323 475 familiari
1354 437 1393 475 in
1424 439 1524 484 loco,

163 518 180 550 5
199 517 279 542 non
313 517 467 550 amara,
508 505 578 542 sed
612 503 758 541 itineris
788 517 905 542 causa
934 511 976 541 ut
1005 504 1232 549 deverterer,
1267 502 1435 552 primum
1469 509 1527 540 est

199 568 368 614 devium,
405 568 550 607 deinde
583 569 633 606 ab
665 567 859 606 Autronio
893 575 931 605 et
962 567 1099 606 ceteris
1130 567 1350 616 quadridui,
1383 566 1528 605 deinde

200 632 283 670 sine
304 640 351 670 te.
413 634 517 670 Nam
538 634 740 671 castellum
764 632 959 669 munitum
982 631 1174 670 habitanti
1196 631 1290 668 mihi
1313 632 1525 681 prodesset,

200 697 415 735 transeunti
437 711 517 736 non
539 705 597 735 est
619 697 891 735 necessarium.
943 697 1064 745 Quod
1086 696 1117 733 si
1137 697 1334 742 auderem,
1353 697 1528 734 Athenas

200 770 382 812 peterem.
444 765 546 801 Sane
586 762 638 800 ita
679 763 846 800 cadebat
884 769 927 799 ut
965 763 1116 800 vellem.
1176 762 1294 799 Nunc
1332 769 1370 799 et
1409 760 1528 799 nostri

141 841 181 863 10
200 827 332 864 hostes
354 826 407 865 ibi
436 834 527 864 sunt
550 834 589 864 et
620 834 657 865 te
688 840 768 864 non
797 827 988 864 habemus
1015 833 1053 864 et
1073 839 1250 864 veremur
1279 838 1328 863 ne
1348 825 1531 874 interpre-

200 898 330 928 tentur
358 890 455 929 illud
477 904 635 941 quoque
657 891 848 941 oppidum
869 891 920 928 ab
943 890 1056 928 Italia
1076 903 1156 929 non
1178 889 1268 928 satis
1292 889 1429 927 abesse
1456 902 1528 926 nec

200 955 335 994 scribis
357 969 475 1005 quam
496 957 547 994 ad
568 956 673 994 diem
695 965 732 994 te
753 963 1033 1006 exspectemus.

254 1022 375 1069 Quod
403 1035 465 1059 me
494 1023 545 1060 ad
575 1021 695 1059 vitam
723 1034 851 1067 vocas,
881 1034 1003 1058 unum
1034 1020 1153 1059 efficis
1180 1028 1223 1058 ut
1249 1033 1272 1058 a
1298 1033 1360 1058 me
1387 1032 1526 1057 manus
1547 1024 1570 1052 2

199 1085 429 1133 abstineam,
467 1088 632 1124 alterum
668 1099 749 1124 non
787 1094 899 1135 potes
933 1094 976 1123 ut
1010 1099 1073 1123 me
1112 1098 1192 1123 non
1233 1084 1355 1123 nostri
1390 1083 1528 1122 consili

143 1165 179 1196 15
199 1150 379 1201 vitaeque
399 1151 606 1201 paeniteat.
666 1150 775 1200 Quid
795 1150 901 1189 enim
922 1158 980 1189 est
1007 1151 1115 1200 quod
1143 1163 1205 1188 me
1227 1149 1399 1195 retineat,
1423 1162 1529 1199 prae-

199 1215 330 1254 sertim
359 1215 391 1253 si
415 1229 503 1266 spes
531 1229 577 1254 ea
596 1229 677 1254 non
707 1223 765 1254 est
791 1229 892 1265 quae
912 1229 984 1253 nos
1009 1214 1292 1265 proficiscentis
1321 1227 1529 1264 proseque-

199 1281 342 1319 batur?
400 1282 493 1319 Non
520 1280 661 1319 faciam
688 1288 730 1318 ut
756 1294 983 1318 enumerem
1014 1279 1187 1318 miserias
1214 1278 1342 1317 omnis
1371 1278 1410 1316 in
1431 1291 1528 1328 quas

201 1344 321 1384 incidi
342 1359 410 1396 per
430 1359 625 1383 summam
653 1345 833 1383 iniuriam
855 1353 893 1383 et
922 1346 1048 1383 scelus
1070 1358 1149 1382 non
1171 1352 1250 1381 tam
1279 1342 1526 1381 inimicorum

203 1423 379 1449 meorum
401 1424 519 1461 quam
544 1410 778 1457 invidorum,
802 1424 852 1448 ne
878 1417 916 1448 et
940 1423 1072 1447 meum
1100 1422 1314 1447 maerorem
1337 1407 1526 1457 exagitem

144 1490 184 1511 20
203 1482 241 1513 et
261 1483 298 1513 te
319 1475 359 1513 in
379 1477 551 1513 eundem
572 1477 722 1513 luctum
742 1488 905 1522 vocem,
934 1476 1010 1513 hoc
1029 1475 1205 1519 adfirmo,
1225 1472 1423 1511 neminem
1445 1485 1526 1510 um—

202 1554 319 1590 quam
342 1549 449 1579 tanta
469 1541 690 1579 calamitate
710 1554 795 1578 esse
815 1542 1026 1586 adfectum,
1049 1538 1198 1577 nemini
1218 1546 1382 1576 mortem
1405 1537 1527 1587 magis

200 1607 414 1655 optandam
446 1606 574 1645 fuisse.
635 1606 790 1656 Quoius
829 1605 1078 1655 oppetendae
1111 1611 1266 1653 tempus
1304 1601 1528 1640 honestissi-

200 1685 308 1709 mum
329 1672 645 1722 praetermissum
672 1680 731 1711 est
745 1687 755 1719 ,-
784 1671 933 1720 reliqua
960 1678 1137 1720 tempora
1164 1675 1253 1707 sunt
1274 1681 1354 1706 non
1376 1675 1453 1704 tam
1475 1668 1526 1705 ad

200 1737 436 1776 medicinam
458 1753 577 1788 quam
597 1739 648 1777 ad
669 1739 789 1776 finem
810 1736 966 1775 doloris.

144 1812 180 1843 25
255 1804 316 1841 De
343 1817 382 1841 re
412 1804 570 1854 publica
598 1803 714 1842 video
744 1811 781 1841 te
812 1801 1006 1851 conligere
1036 1799 1168 1838 omnia
1198 1812 1297 1849 quae
1325 1805 1437 1848 putes
1462 1797 1525 1835 ali·
1545 1804 1568 1841 3

200 1879 318 1916 quarn
339 1881 449 1917 spem
471 1868 567 1906 mihi
591 1882 707 1918 posse
731 1869 881 1905 adferre
907 1867 1184 1903 mutandarum
1214 1877 1352 1902 rerum.
1413 1865 1526 1912 Quae

200 1944 440 1982 quamquam
457 1933 594 1982 exigua
609 1941 710 1979 sunt,
726 1941 868 1977 tamen,
886 1930 1073 1981 quoniam
1090 1931 1227 1979 placet,
1244 1936 1524 1978 exspectemus.

200 1998 263 2034 Tu
298 1998 420 2036 nihilo
455 1999 584 2036 minus
617 1998 648 2036 si
678 1997 893 2047 properaris
925 2010 997 2034 nos
1032 2007 1298 2043 consequere;
1340 2007 1431 2031 nam
1461 2002 1527 2031 aut

201 2064 436 2101 accedemus
466 2063 507 2100 in
539 2063 702 2113 Epirum
741 2071 808 2100 aut
842 2063 950 2099 tarde
989 2074 1056 2110 per
1089 2059 1331 2098 Candaviam
1371 2058 1524 2096 ibimus.

143 2137 184 2168 30
204 2127 505 2165 Dubitationem
542 2135 673 2165 autem
713 2128 763 2165 de
804 2126 924 2175 Epiro
963 2139 1043 2163 non
1090 2123 1352 2162 inconstantia
1397 2131 1529 2161 nostra

203 2193 403 2230 adferebat
448 2193 517 2230 sed
559 2192 668 2241 quod
709 2192 758 2229 de
797 2192 910 2228 fratre
949 2190 1016 2227 ubi
1062 2203 1153 2227 eum
1192 2187 1307 2225 visuri
1353 2200 1527 2225 essemus

248 2305 263 2325 1
291 2295 390 2325 Esset
402 2294 620 2325 Bcntivolius:
646 2294 705 2324 sed
722 2293 810 2324 codd.
999 2302 1049 2332 23,
1070 2303 1110 2330 24
1136 2297 1202 2322 tam
1222 2317 1228 2323 .
1247 2316 1253 2323 .
1274 2316 1281 2323 .
1302 2302 1401 2330 quam
1418 2290 1525 2321 EMs:

202 2339 265 2369 iam
283 2363 290 2369 .
310 2362 318 2369 .
340 2364 346 2369 .
366 2339 426 2368 sed
442 2333 507 2368 Zb:
544 2343 609 2367 tam
627 2360 634 2368 .
656 2361 662 2368 .
684 2361 690 2368 .
712 2338 772 2367 sed
799 2336 936 2367 A'HOP
948 2347 975 2367 v.
988 2348 1010 2367 c.
1127 2346 1168 2375 29
1192 2336 1392 2366 accedemus
1403 2334 1527 2365 EM²sz

202 2383 400 2413 accedamus
417 2380 611 2411 M¹NHOP

1401 2444 1440 2474 6*
