1790 2837
588 122 700 160 EPP.
733 123 810 160 AD
840 122 1100 160 ATTICVM
1503 120 1534 158 I.
1553 130 1614 157 xx

202 231 311 271 neret
348 239 387 271 et
423 231 564 282 raptim
603 231 643 270 in
682 245 769 270 cam
808 231 1042 270 sententiam
1082 230 1230 281 pedarii
1265 238 1527 270 cucurrerunt.

203 296 427 335 Inducendi
461 304 619 335 senatus
653 296 822 334 consulti
862 296 1062 334 maturitas
1101 297 1281 334 nondum
1315 303 1388 343 est,
1421 297 1529 345 quod

201 375 331 411 neque
365 369 455 399 sunt
490 361 557 411 qui
591 369 802 411 querantur
835 369 874 399 et
913 361 1024 398 multi
1062 361 1202 411 partim
1243 360 1527 407 malevolentia,

201 426 341 477 partim
372 426 559 477 opinione
588 426 796 476 aequitatis
825 427 1078 464 delectantur.
1141 427 1326 463 Metellus
1356 433 1444 463 tuus
1472 433 1529 463 est
1549 435 1573 472 5

163 507 179 537 5
201 491 375 541 egregius
411 493 572 539 consul;
616 505 739 529 unum
773 491 1020 540 reprehendo
1059 491 1167 540 quod
1202 490 1325 528 otium
1360 489 1530 528 nuntiari

200 570 218 594 e
252 556 379 594 Gallia
413 570 492 594 non
524 569 669 605 magno
702 569 820 605 opere
851 556 1004 604 gaudet.
1066 555 1199 604 Cupit,
1233 556 1365 601 credo,
1399 555 1530 592 trium-

200 622 330 670 phare.
384 623 476 659 Hoc
496 622 637 658 vellem
659 619 922 667 mediocrius,
951 628 1077 658 cetera
1098 620 1259 669 egregia.
1314 619 1406 657 Auli
1427 619 1528 657 filius

200 699 292 723 vero
319 685 372 723 ita
398 700 438 724 se
463 685 559 735 gerit
585 694 627 723 ut
653 685 736 724 eius
762 686 989 723 consulatus
1016 698 1097 722 non
1125 687 1350 723 consulatus
1380 684 1428 722 sit
1458 686 1526 723 sed

202 750 339 799 Magni
359 751 480 788 nostri
500 751 677 788 ὑπώπιον.

142 831 181 852 10
256 817 317 853 De
338 816 433 854 meis
455 816 606 866 scriptis
628 816 715 853 misi
735 817 785 854 ad
806 823 844 854 te
865 817 1014 854 Graece
1034 816 1250 865 perfectum
1277 816 1525 853 consulatum
1547 817 1575 854 6

199 894 342 918 meum.
404 882 506 918 Eum
539 881 681 919 librum
716 882 759 918 L.
796 880 980 920 Cossinio
1011 880 1114 918 dedi.
1174 882 1276 918 Puto
1310 888 1348 918 te
1377 880 1527 918 Latinis

198 945 296 983 meis
318 945 513 993 delectari,
538 945 629 984 huic
650 953 781 984 autem
806 947 959 983 Graeco
985 946 1180 983 Graecum
1205 944 1389 983 invidere.
1448 945 1527 983 Alii

198 1009 230 1047 si
251 1010 483 1060 scripserint,
510 1010 710 1048 mittemus
738 1011 788 1048 ad
817 1018 879 1057 teg
909 1011 978 1048 sed
1006 1010 1101 1047 mihi
1126 1011 1254 1058 crede,
1275 1009 1390 1048 simul
1410 1018 1528 1060 atque

197 1076 274 1113 hoc
295 1084 472 1114 nostrum
504 1077 690 1125 legerunt,
715 1074 849 1113 nescio
870 1088 949 1124 quo
970 1083 1086 1125 pacto
1107 1076 1358 1113 retardantur.
1410 1076 1528 1113 Nunc
1548 1079 1570 1118 7

140 1152 176 1185 15
196 1148 239 1178 ut
269 1142 320 1179 ad
354 1154 436 1179 rem
470 1154 599 1179 meam
635 1141 805 1187 redeam,
839 1141 882 1178 L.
918 1140 1094 1190 Papirius
1127 1142 1283 1187 Paetus,
1313 1140 1369 1178 vir
1398 1140 1528 1178 bonus

197 1214 426 1256 amatorque
457 1215 598 1253 noster,
626 1206 723 1244 mihi
752 1206 871 1244 libros
901 1219 968 1243 eos
998 1219 1098 1255 quos
1128 1207 1205 1243 Ser.
1230 1205 1419 1244 Claudius
1446 1205 1529 1243 reli-

197 1270 281 1320 quit
308 1271 479 1309 donavit.
541 1274 643 1311 Cum
672 1271 768 1309 mihi
797 1285 866 1321 per
889 1272 1014 1320 legem
1041 1270 1220 1310 Cinciam
1245 1270 1360 1308 licere
1389 1283 1528 1319 capere

197 1335 359 1374 Cincius
380 1337 530 1375 amicus
552 1345 642 1375 tuus
663 1337 820 1383 diceret,
846 1336 1013 1374 libenter
1039 1335 1117 1374 dixi
1140 1349 1201 1373 me
1221 1342 1474 1384 accepturum
1496 1334 1526 1373 si

196 1400 398 1439 attulisset.
460 1403 578 1440 Nunc
604 1402 634 1439 si
662 1416 726 1439 me
747 1414 865 1447 amas,
890 1400 921 1438 si
942 1408 979 1438 te
999 1414 1022 1438 a
1042 1414 1105 1438 me
1125 1399 1244 1437 amari
1272 1399 1357 1445 scis,
1380 1398 1526 1437 enitere

138 1479 177 1501 20
197 1479 265 1516 per
296 1467 456 1513 amicos,
493 1467 656 1514 clientis,
695 1467 885 1516 hospites,
918 1466 1078 1504 libertos
1113 1465 1285 1514 denique
1314 1478 1360 1502 ac
1394 1477 1526 1502 servos

195 1539 284 1569 tuos
314 1540 357 1570 ut
387 1532 495 1570 scida
525 1546 575 1570 ne
600 1546 678 1582 qua
712 1534 921 1582 depereat,
952 1545 1042 1569 nam
1076 1539 1113 1568 et
1144 1530 1303 1569 Graecis
1342 1529 1387 1567 iis
1418 1529 1526 1567 libris

195 1610 294 1646 quos
325 1597 514 1648 suspicor,
547 1605 585 1636 et
617 1597 767 1636 Latinis
801 1610 901 1646 quos
936 1596 1018 1634 scio
1048 1596 1157 1633 illum
1188 1594 1401 1644 reliquisse,
1428 1593 1525 1632 mihi

195 1663 448 1701 vehementer
469 1676 568 1713 opus
590 1671 658 1701 est.
722 1664 807 1712 Ego
834 1669 966 1700 autem
989 1661 1134 1699 cotidie
1155 1660 1277 1710 magis
1298 1660 1406 1709 quod
1428 1659 1524 1697 mihi

194 1728 245 1765 de
269 1727 414 1766 forensi
439 1729 573 1766 labore
597 1727 785 1777 temporis
811 1729 925 1766 datur
956 1726 995 1764 in
1027 1726 1072 1764 iis
1102 1725 1240 1763 studiis
1270 1725 1520 1774 conquiesco.

136 1804 173 1836 25
194 1792 269 1829 Per
289 1792 396 1839 mihi,
419 1806 487 1842 per
507 1792 668 1842 inquam
689 1800 840 1843 gratum
863 1791 998 1831 feceris
1026 1791 1056 1829 si
1084 1791 1123 1828 in
1149 1792 1225 1828 hoc
1251 1798 1329 1828 tam
1356 1790 1522 1839 diligens

193 1857 310 1895 fueris
327 1871 445 1907 quam
466 1859 568 1896 soles
589 1858 629 1895 in
650 1857 696 1895 iis
717 1858 832 1896 rebus
853 1870 950 1906 quas
978 1870 1041 1894 me
1061 1857 1175 1893 valde
1194 1856 1292 1893 velle
1312 1854 1517 1900 arbitraris,

194 1921 396 1972 ipsiusque
417 1923 526 1961 Paeti
554 1922 625 1961 tibi
653 1922 810 1972 negotia
834 1922 1085 1967 commendo,
1113 1922 1162 1958 de
1187 1919 1330 1969 quibus
1357 1919 1427 1958 tibi
1457 1919 1520 1957 ille

193 1987 271 2037 agit
291 1987 479 2026 maximas
499 1987 650 2038 gratias,
673 1994 712 2026 et
738 1994 780 2025 ut
805 1986 882 2024 iam
909 1985 1051 2024 invisas
1078 1998 1150 2024 nos
1175 1998 1257 2023 non
1277 1985 1404 2023 solum
1426 1997 1519 2034 rogo

194 2053 263 2090 sed
283 2052 400 2090 etiam
421 2053 579 2092 suadeo.

236 2156 257 2185 6
281 2166 299 2185 e
323 2154 395 2186 add.
423 2156 522 2187 Rom.
672 2166 711 2188 10
735 2153 938 2196 perfectum]
963 2154 1190 2195 perscriptum
1216 2153 1332 2186 Lamh.
1476 2163 1518 2190 24

193 2199 307 2229 labore
324 2198 374 2229 E:
395 2209 461 2230 om.
483 2199 526 2230 M
