1817 2832
168 101 285 139 VIII.
309 101 371 139 vii
679 105 734 142 M.
767 104 935 142 TVLLI
965 103 1272 143 CICERONIS

344 207 437 243 VII
473 210 543 243 Ser.
561 213 593 242 in
610 212 788 243 Formiano
805 214 852 243 vii
864 213 907 244 K.
928 213 1042 253 Mart„
1064 217 1101 243 ut
1116 212 1250 254 videtur,
1269 225 1299 246 a.
1319 224 1374 255 705
1393 213 1478 256 (49).

719 283 894 313 CICERO
919 283 1090 314 ATTICO
1116 284 1215 315 SAL.

267 358 284 384 1
356 349 491 386 Vnum
524 349 643 387 etiam
675 357 792 387 restat
826 350 955 388 arnico
994 358 1129 388 nostro
1163 352 1214 389 ad
1243 365 1362 390 omne
1392 352 1566 391 dedecus
1595 360 1638 392 ut

304 413 483 451 Domitio
514 427 594 451 non
622 414 839 452 subveniat.
902 417 978 453 ‘At
1006 429 1126 453 nemo
1154 416 1308 454 dubitat
1335 416 1432 466 quin
1459 417 1637 456 subsidio

301 485 488 516 venturus
516 478 587 516 sit.'
645 480 731 528 Ego
752 493 832 517 non
853 486 960 529 puto.
1024 483 1033 499 ‘
1051 482 1215 519 Deseret
1236 480 1351 530 igitur
1372 483 1490 519 talem
1511 481 1637 520 civem
1659 497 1675 528 5

303 550 342 581 et
370 556 438 581 eos
469 557 568 593 quos
598 557 676 581 una
710 544 785 582 scis
819 558 904 583 esse
936 559 1027 583 cum
1062 546 1206 584 habeat
1235 546 1463 596 praesertim
1492 546 1524 585 is
1553 547 1638 597 ipse

302 608 475 646 cohortis
501 608 706 658 triginta?'
755 610 841 648 Nisi
869 624 931 649 me
952 610 1086 648 onmia
1111 612 1259 658 fallunt,
1282 612 1447 650 deseret.
1509 613 1638 651 Incre—

303 673 476 711 dibiliter
495 673 706 723 pertimuit,
726 674 822 711 nihil
843 681 994 724 spectat
1014 674 1088 712 nisi
1109 677 1251 725 fugam.
1312 675 1419 724 Quoi
1441 683 1482 714 tu
1504 676 1637 726 (video

260 748 285 776 2
304 737 410 775 enim
441 737 536 787 quid
566 738 728 788 sentias)
759 752 822 777 me
856 739 1043 778 comitem
1073 747 1186 789 putas
1217 740 1363 778 debere
1394 754 1490 779 esse.
1551 742 1636 790 Ego

303 815 395 840 vero
416 815 535 851 quem
556 802 702 852 fugiam
730 805 869 850 habeo,
894 818 1013 854 quem
1039 818 1178 854 sequar
1205 818 1286 842 non
1313 806 1452 844 habeo.
1514 807 1636 855 Quod
1660 821 1697 843 ιο

302 867 409 905 enim
442 874 482 904 tu
516 881 647 905 meurn
677 869 813 906 laudas
843 876 881 907 et
912 871 1213 907 memorandum
1244 869 1353 917 dicis,
1381 871 1497 908 malle
1526 872 1635 920 quod

303 932 466 970 dixerim
500 946 563 970 me
595 946 685 971 curn
717 934 909 983 Pompeio
940 934 1044 972 vinci
1075 948 1195 984 quam
1226 948 1318 973 cum
1353 934 1435 972 istis
1466 934 1632 983 vincere,

300 1010 374 1046 ego
400 1010 492 1035 vero
521 999 624 1036 malo
654 999 724 1036 sed
752 1012 842 1036 cum
870 999 936 1037 illo
959 999 1151 1049 Pompeio
1174 999 1241 1049 qui
1266 1007 1349 1037 tum
1376 1007 1457 1037 erat
1480 1007 1547 1037 aut
1568 1000 1636 1050 qui

300 1061 398 1099 mihi
419 1075 503 1100 esse
525 1062 741 1110 videbatur,
766 1077 856 1101 cum
885 1065 961 1102 hoc
983 1078 1074 1102 vero
1095 1064 1162 1114 qui
1189 1072 1280 1103 ante
1304 1064 1401 1114 fugit
1422 1078 1540 1114 quam
1562 1065 1635 1103 scit

301 1134 368 1165 aut
397 1140 517 1176 quem
547 1127 669 1178 fugiat
697 1136 764 1166 aut
794 1142 885 1178 quo,
916 1129 982 1179 qui
1014 1137 1146 1167 nostra
1175 1129 1344 1177 tradidit,
1372 1129 1440 1180 qui
1469 1129 1634 1180 patriam
1656 1146 1694 1178 15

300 1191 466 1241 reliquit,
504 1192 657 1230 Italiam
696 1193 889 1243 relinquit,
924 1194 955 1231 si
995 1194 1125 1241 malui,
1160 1194 1333 1245 contigit,
1369 1194 1495 1233 victus
1533 1209 1631 1234 sum.

303 1258 423 1306 Quod
463 1265 649 1307 superest,
686 1272 760 1297 nec
797 1258 871 1297 ista
904 1259 1035 1297 videre
1075 1273 1236 1309 possum
1275 1273 1377 1309 quae
1415 1273 1634 1310 numquam

301 1322 414 1360 timui
435 1336 485 1361 ne
505 1322 679 1362 viderem
701 1337 775 1362 nec
802 1338 865 1362 me
890 1326 1047 1363 hercule
1074 1324 1192 1362 istum
1218 1333 1377 1375 propter
1396 1339 1516 1375 quem
1537 1325 1634 1364 mihi

301 1402 383 1426 non
405 1389 526 1426 modo
548 1388 645 1427 meis
666 1390 735 1427 sed
757 1397 903 1427 memet
924 1389 1009 1439 ipso
1029 1392 1246 1428 carendum
1267 1397 1335 1428 est.

258 1466 282 1503 3
356 1455 420 1492 Ad
450 1453 705 1492 Philotimum
736 1454 871 1504 scripsi
898 1456 949 1494 de
976 1455 1118 1494 viatico
1147 1455 1228 1494 sive
1256 1470 1280 1494 a
1308 1457 1473 1495 Moneta
1497 1455 1634 1507 (nemo
1656 1469 1694 1491 20

301 1519 407 1558 enim
438 1519 568 1569 solvit)
599 1520 679 1558 sive
708 1520 759 1558 ab
790 1520 930 1571 Oppiis
965 1520 1040 1559 tuis
1069 1520 1430 1560 contubernalibus.
1492 1522 1632 1561 Cetera

299 1584 479 1635 apposita
499 1585 569 1623 tibi
592 1586 801 1623 mandabo.

342 1693 460 1727 VIII
573 1696 644 1728 Scr.
660 1697 694 1727 in
712 1696 893 1727 Fornu'ano
910 1698 944 1728 vi
956 1698 1000 1728 K.
1019 1697 1119 1729 Mart.
1138 1709 1167 1729 a.
1187 1708 1242 1738 705
1256 1700 1341 1741 (49).

716 1769 892 1800 CICERO
916 1769 1086 1800 ATTICO
1113 1770 1211 1802 SAL.

264 1844 282 1871 1
355 1835 391 1873 O
422 1847 502 1873 rem
538 1841 691 1884 turpem
726 1842 764 1873 et
799 1849 844 1873 ea
874 1849 913 1873 re
944 1835 1149 1874 miseram!
1194 1836 1257 1876 Sic
1287 1837 1392 1875 enim
1422 1837 1563 1885 sentio,
1590 1836 1631 1876 id
1653 1848 1690 1880 25

300 1901 461 1938 demum
489 1907 555 1937 aut
583 1899 713 1949 potius
741 1900 780 1938 id
808 1902 936 1938 solum
966 1915 1051 1939 esse
1082 1901 1266 1939 miserum
1295 1904 1403 1952 quod
1431 1910 1542 1952 turpe
1570 1902 1628 1941 sit.

299 1966 461 2002 Aluerat
492 1965 727 2011 Caesarem3
761 1967 934 2003 eundem
964 1974 1125 2015 repente
1155 1967 1291 2005 timere
1321 1976 1514 2016 coeperat,
1541 1982 1632 2006 con-

300 2029 499 2068 dicionem
535 2029 642 2079 pacis
676 2031 823 2067 nullam
856 2031 1050 2080 probarat,
1080 2030 1177 2068 nihil
1208 2033 1258 2069 ad
1290 2032 1435 2070 bellum
1466 2040 1627 2081 pararat,

273 2095 438 2132 ‘urbem
471 2094 689 2144 reliquerat,
721 2094 911 2133 Picenum
945 2095 1127 2133 amiserat
1159 2097 1285 2145 culpa,
1308 2095 1347 2132 in
1373 2096 1559 2146 Apuliam
1589 2110 1630 2135 se

344 2199 364 2227 6
388 2208 473 2236 quos
505 2209 571 2228 una
603 2199 670 2228 scis
702 2208 786 2229 esse.
822 2209 895 2228 cum
927 2197 1023 2229 Vict.:
1059 2209 1125 2229 una
1156 2199 1261 2229 scisse
1295 2208 1407 2229 secum
1434 2199 1475 2228 M
1603 2199 1631 2230 is

299 2241 537 2280 Hz‘a‘s‹·lrli*l(lc*›'z
569 2252 611 2271 ex
632 2242 742 2272 codd:
768 2246 801 2271 et
825 2243 912 2281 vulg.
1060 2253 1076 2280 7
1098 2246 1170 2282 post
1193 2242 1331 2281 triginta
1356 2242 1433 2274 add.
1461 2242 1631 2274 Domitius

299 2284 414 2314 Ele‘s
431 2285 501 2315 Ber.
622 2295 633 2314 1
646 2295 656 2314 1
684 2285 811 2326 meum]
830 2286 910 2315 illud
928 2296 1037 2315 meum
1056 2285 1264 2325 ll'escnbcfigr:
1291 2296 1342 2316 me
1364 2286 1448 2316 Boot
1534 2287 1630 2317 ducis

301 2328 422 2357 Bost'us
514 2339 523 2357 1
538 2339 561 2358 r.
583 2339 620 2358 12
637 2330 724 2368 quod
744 2330 888 2359 dixerim
907 2330 963 2360 del.
988 2329 1081 2359 Cobet
1196 2330 1238 2359 28
1265 2334 1398 2368 pararat
1416 2329 1454 2361 I:
1479 2335 1573 2369 parat
1593 2329 1634 2360 M

302 2382 344 2410 29
368 2375 443 2402 ante
459 2372 616 2402 amiserat
633 2372 709 2402 add.
728 2383 787 2403 sua
804 2372 938 2403 Ernesti
