1817 2832
186 121 283 161 V.v
637 121 693 159 M.
725 120 894 158 TVLLI
925 118 1232 159 CICERONIS

267 246 383 271 mane
412 231 696 282 proficiscentis
726 233 796 270 has
827 230 995 270 dedisse.
1056 233 1118 270 Eo
1143 237 1276 270 autern
1301 230 1366 270 die
1390 230 1509 269 credo
1533 229 1599 268 ali-

267 297 363 347 quid
391 304 523 335 actum
554 296 593 334 in
624 304 773 335 senatu.
833 298 1055 346 Sequantur
1084 296 1199 346 igitur
1227 309 1299 334 nos
1329 303 1418 334 tuae
1448 295 1598 333 litterae

268 362 410 411 quibus
440 375 520 399 non
548 363 670 400 modo
697 375 757 400 res
787 361 916 400 omnis
944 362 1014 399 sed
1041 361 1159 399 etiam
1183 375 1358 399 rumores
1389 373 1599 410 cognosca-

268 441 365 465 mus.
428 429 505 465 Eas
534 426 775 476 accipiemus
806 425 1015 474 Brundisi3
1046 426 1100 464 ibi
1130 426 1236 464 enim
1264 425 1520 475 Pomptinum
1547 425 1599 463 ad

226 504 249 529 2
269 505 355 529 eam
377 492 482 529 diem
500 505 618 541 quam
640 498 681 529 tu
703 490 888 542 scripsisti
909 499 1134 540 exspectare
1155 490 1364 529 consilium
1385 498 1452 528 est.
1514 491 1599 528 Nos
1621 499 1638 531 5

268 557 428 594 Tarenti
450 570 549 607 quos
571 571 662 595 cum
684 556 876 606 Pompeio
897 557 1092 609 διαλόγους
1113 557 1163 594 de
1184 569 1224 593 re
1244 554 1403 604 publica
1422 553 1602 592 habueri-

267 634 354 658 mus
383 622 434 659 ad
462 628 500 659 te
529 620 827 671 perscribemus.
889 620 974 658 Etsi
998 620 1039 659 id
1067 620 1195 670 ipsum
1223 619 1320 658 scire
1347 618 1464 668 cupio
1489 619 1600 667 quod

267 687 318 724 ad
352 693 508 735 tempus
539 693 643 724 recte
676 687 728 724 ad
762 693 800 723 te
834 685 1003 723 scribere
1034 685 1195 735 possim,
1224 684 1265 722 id
1296 691 1354 722 est
1384 697 1502 733 quam
1533 683 1601 721 diu

269 753 423 789 Romae
450 753 600 789 futurus
630 751 692 798 sis,
719 758 761 789 ut
790 758 856 788 aut
883 764 963 800 quo
993 752 1084 788 dem
1112 751 1277 800 posthac
1306 749 1451 787 litteras
1480 747 1600 786 sciam

267 823 334 854 aut
366 830 415 854 ne
450 817 541 854 dem
576 818 724 854 frustra.
784 816 863 854 Sed
897 823 988 853 ante
1020 828 1139 864 quam
1173 813 1431 864 proficiscare,
1465 812 1601 861 utique
1624 825 1661 847 10

270 881 505 930 explicatum
527 881 574 919 sit
595 881 692 919 illud
711 883 791 920 HS.
816 875 874 918 ἶςῖ(
896 888 933 919 et
954 876 1069 918 fic—CC.
1116 881 1208 917 Hoc
1228 878 1344 917 velim
1366 878 1406 915 in
1424 876 1601 915 maximis

271 947 386 985 rebus
407 953 444 984 et
466 947 634 985 maxime
650 946 880 985 necessariis
901 947 1059 992 habeas,
1078 952 1120 983 ut
1141 944 1249 995 quod
1269 950 1429 982 auctore
1450 949 1488 981 te
1503 943 1602 980 velle

271 1011 385 1061 coepi
405 1011 584 1050 adiutore
603 1012 807 1062 adsequar.

315 1151 382 1186 VI
606 1154 676 1185 Ser.
703 1154 836 1185 Tarenti
847 1155 904 1185 xiv
919 1154 962 1186 K.
983 1154 1059 1184 Iun.
1079 1163 1108 1184 a.
1130 1162 1184 1193 703
1202 1151 1290 1193 (51).

692 1245 867 1276 CICERO
891 1244 1065 1276 ATTICO
1092 1241 1189 1277 SAL
1628 1257 1662 1288 ¹5

238 1342 255 1368 1
327 1334 544 1371 Tarentum
569 1332 657 1371 veni
681 1347 713 1371 a.
738 1334 774 1371 d.
798 1345 855 1371 XV
877 1335 965 1371 Kal.
991 1333 1135 1371 Iunias.
1197 1332 1319 1380 Quod
1347 1329 1604 1381 Pomptinum

274 1406 484 1437 statueram
506 1406 742 1448 exspectare,
766 1398 1135 1437 commodissimum
1157 1398 1250 1436 duxi
1270 1397 1354 1436 dies
1379 1410 1446 1435 eos
1472 1396 1604 1445 quoad

273 1462 337 1502 ille
357 1463 504 1502 veniret
531 1477 622 1502 cum
651 1463 843 1513 Pompeio
870 1477 1102 1502 consumere
1133 1476 1260 1513 eoque
1284 1461 1406 1512 magis
1434 1458 1542 1511 quod
1569 1459 1604 1498 ei

273 1536 424 1578 gratum
452 1541 537 1566 esse
566 1528 607 1566 id
631 1528 826 1576 videbam,
850 1528 917 1578 qui
946 1528 1064 1567 etiam
1088 1542 1111 1566 a
1136 1541 1198 1566 me
1225 1526 1378 1577 petierit
1402 1533 1444 1564 ut
1469 1537 1603 1563 secum

273 1602 311 1633 et
331 1595 437 1643 apud
459 1607 500 1631 se
520 1607 646 1631 essem
669 1593 823 1631 cotidie.
880 1595 1001 1642 Quod
1022 1592 1199 1631 concessi
1219 1592 1396 1630 libenter.
1453 1592 1603 1628 Multos
1624 1599 1665 1621 20

275 1658 380 1697 enim
410 1657 492 1697 eius
520 1660 738 1707 praeclaros
768 1659 818 1696 de
848 1672 886 1696 re
914 1658 1072 1708 publica
1099 1671 1299 1696 sermones
1325 1656 1527 1705 accipiam,
1551 1655 1604 1692 in-

276 1731 399 1762 struar
419 1722 536 1761 etiam
557 1723 730 1760 consiliis
752 1722 905 1761 idoneis
924 1724 974 1761 ad
996 1724 1072 1761 hoc
1093 1731 1270 1761 nostrum
1290 1721 1503 1771 negotium.

235 1798 259 1825 2
332 1789 410 1827 Sed
430 1789 480 1826 ad
501 1796 539 1826 te
566 1788 718 1826 brevior
739 1788 815 1826 iam
844 1789 883 1826 in
908 1788 1117 1826 scribendo
1145 1787 1291 1838 incipio
1313 1786 1393 1825 fieri
1421 1786 1607 1825 dubitans

279 1856 485 1893 Romaene
507 1853 557 1891 sis
584 1867 632 1891 an
662 1853 737 1892 iam
766 1856 974 1904 profectus.
1035 1855 1156 1902 Quod
1183 1861 1316 1891 tamen
1343 1853 1475 1902 quoad
1503 1851 1609 1901 igno-

278 1920 384 1966 rabo,
409 1919 574 1957 scribam
600 1919 749 1969 aliquid
776 1919 906 1969 potius
928 1933 1047 1969 quam
1076 1918 1322 1957 committam
1350 1926 1392 1955 ut
1422 1917 1491 1955 tibi
1517 1930 1607 1955 cum
1630 1931 1667 1963 ²5

278 1984 429 2034 possint
463 1985 575 2023 reddi
606 1999 629 2023 a
663 1999 726 2023 me
761 1985 910 2024 litterae
940 1999 1020 2024 non
1056 1985 1279 2023 reddantur.
1356 1984 1442 2021 Nec
1476 1990 1608 2020 tamen

279 2049 355 2087 iam
386 2050 515 2088 habeo
550 2051 657 2100 quod
687 2057 755 2088 aut
785 2051 972 2089 mandem
1001 2049 1071 2088 tibi
1100 2056 1168 2087 aut
1195 2062 1358 2087 narrem.
1419 2046 1610 2085 Mandavi

280 2114 437 2162 omniaJ
467 2129 567 2165 quae
592 2115 752 2165 quidem
782 2121 834 2162 tu,
858 2121 900 2153 ut
927 2114 1132 2165 polliceriS‚
1156 2112 1369 2152 exhauries.
1431 2111 1609 2150 Narrabo

281 2193 369 2217 cum
392 2179 540 2230 aliquid
562 2181 720 2218 habebo
742 2180 844 2218 novi.
906 2181 1010 2218 Illud
1031 2187 1164 2217 tamen
1191 2191 1271 2216 non
1300 2177 1489 2224 desinam,
1513 2178 1608 2215 dum

280 2246 418 2283 adesse
440 2251 473 2282 le
499 2246 659 2295 putabo,
684 2246 733 2283 de
755 2243 932 2283 Caesaris
963 2243 1124 2282 nomine
1151 2256 1286 2293 rogare
1313 2250 1355 2280 ut
1384 2243 1609 2280 confectum
1631 2253 1670 2283 30

323 2359 345 2388 9
368 2360 436 2388 quo
453 2350 528 2379 dem
547 2349 641 2379 Mem.
663 2360 669 2379 :
694 2348 747 2379 cui
765 2348 840 2378 dem
855 2347 901 2378 C:
924 2347 1014 2386 quod
1032 2350 1083 2378 est
1101 2345 1143 2376 M
1231 2355 1266 2375 11
1294 2349 1367 2375 aule
1385 2345 1456 2376 HS.
1477 2344 1550 2375 add.
1568 2345 1610 2375 de

280 2391 413 2422 Ernesli
538 2402 575 2422 12
600 2397 634 2422 et
652 2392 798 2422 maxime
812 2402 875 2422 om.
897 2390 954 2422 M¹
1091 2400 1128 2431 17
1155 2390 1235 2420 duxi
1258 2387 1299 2419 H
1319 2392 1415 2420 vett.:
1447 2388 1527 2419 duxi
1552 2398 1610 2419 ex-

281 2441 435 2476 spectare
453 2435 493 2465 M
624 2446 666 2474 30
690 2440 724 2466 te
741 2434 814 2466 add.
835 2437 907 2469 vett.
