1790 2837
82 124 137 161 II.
160 124 239 162 xvi
543 125 600 163 M.
633 125 802 164 TVLLI
833 125 1140 165 CICERONIS

174 236 244 273 sed
265 248 315 273 ne
341 248 570 273 sermonum
591 234 752 284 quidem
779 249 970 285 umquam
994 237 1164 274 fructum
1183 237 1308 274 ullum
1333 242 1400 274 aut
1423 247 1504 286 gra-

129 310 153 347 3
174 299 267 337 tiam
283 301 525 338 rettulerunt.
586 301 707 348 Quod
728 300 760 338 si
776 300 815 337 in
832 314 919 338 eam
940 314 1003 338 me
1018 307 1170 350 partem
1186 300 1399 347 incitarem,
1418 313 1504 349 pro-

172 366 275 402 fecto
292 363 369 401 iam
390 364 563 414 aliquam
584 364 792 414 reperirem
816 364 1022 402 resistendi
1042 364 1156 403 viam.
1207 366 1326 403 Nunc
1346 377 1503 414 prorsus

171 430 248 467 hoc
280 428 407 477 statui,
437 437 489 476 ut,
520 429 709 478 quoniam
739 436 847 467 tanta
876 429 1141 467 controversia
1169 436 1228 467 est
1258 429 1503 467 Dicaearcho

170 493 349 532 familiari
378 501 446 532 tuo
472 507 563 531 cum
583 495 860 544 Theophrasto
888 493 1018 532 amico
1047 507 1138 532 meo
1158 501 1201 531 ut
1229 493 1294 531 ille
1323 501 1412 531 tuus
1442 481 1544 539 Tbv5⁵

170 561 370 609 πρακτικὸν
380 560 469 609 βίον
483 561 599 609 longe
616 559 801 597 omnibus
821 566 1047 608 anteponat,
1067 558 1131 596 hic
1147 566 1280 596 autem
1295 560 1359 597 τὸν
1374 559 1505 609 θεωρη-

169 626 281 672 τικόν,
304 624 460 675 utrique
487 639 511 663 a
535 638 599 663 me
625 639 712 663 rnos
739 632 870 675 gestus
901 638 986 663 esse
1014 624 1202 663 videatur.
1263 626 1366 663 Puto
1397 624 1503 662 enim

170 704 235 729 me
257 690 502 728 Dicaearcho
522 690 685 728 adfatim
707 689 798 727 satis
822 689 961 728 fecisse
978 704 989 738 3
1017 689 1183 739 respicio
1204 703 1310 727 nunc
1330 690 1381 728 ad
1401 690 1505 728 hanc

171 755 360 794 familiam
399 769 500 805 quae
538 755 636 793 mihi
670 769 751 793 non
786 756 909 793 modo
947 762 990 792 ut
1024 754 1268 804 requiescam
1302 754 1500 804 permittit,

171 822 242 859 sed
266 820 517 870 reprehendit
541 819 634 870 quia
657 834 738 858 non
763 833 918 869 semper
944 818 1120 869 quierim.
1182 820 1272 867 Qua
1291 832 1331 857 re
1356 819 1505 857 incum-
1527 831 1565 853 10

171 886 322 933 bamus,
357 899 381 924 o
408 893 541 923 noster
570 884 670 931 Tite,
702 885 754 922 ad
774 884 840 922 illa
865 886 1062 934 praeclara
1094 883 1224 922 studia
1253 890 1291 922 et
1318 897 1366 923 eo
1397 885 1505 923 unde

171 950 376 989 discedere
395 964 476 989 non
497 949 669 999 oportuit
689 949 904 999 aliquando
924 956 1171 987 revertamur.

125 1025 152 1063 4
228 1016 350 1064 Quod
383 1016 435 1053 de
467 1014 607 1063 Quinti
638 1013 762 1052 fratris
794 1013 961 1064 epistula
992 1013 1138 1061 scribis,
1170 1015 1221 1052 ad
1253 1027 1317 1052 me
1347 1027 1506 1064 quoque

172 1080 245 1118 fuit
277 1081 422 1130 πρόσθε
451 1082 556 1127 λέων,
589 1080 716 1118 ὄπιθεν
745 1080 847 1117 δὲ-.
922 1078 1031 1128 Quid
1060 1078 1191 1117 dicam
1221 1078 1379 1127 nesci03
1413 1093 1505 1117 nam

172 1145 226 1184 ita
255 1147 433 1196 deplorat
463 1144 598 1195 primis
627 1144 804 1183 versibus
834 1143 1082 1182 mansionem
1113 1157 1224 1181 suam
1254 1151 1296 1181 ut
1326 1143 1505 1193 quemvis
1528 1158 1564 1188 15

173 1224 331 1249 movere
351 1210 484 1261 possit,
504 1210 556 1247 ita
576 1222 707 1247 rursus
723 1208 884 1247 remittit
905 1216 947 1246 ut
968 1221 1031 1246 me
1051 1215 1159 1258 roget
1180 1215 1222 1246 ut
1242 1208 1393 1246 annalis
1414 1222 1505 1247 suos

172 1277 383 1314 emendem
405 1282 442 1313 et
463 1276 590 1313 edam.
651 1275 757 1312 Illud
779 1281 911 1311 tamen
932 1274 1041 1322 quod
1062 1272 1198 1311 scribis
1218 1272 1506 1312 animadvertas

172 1340 291 1379 velim
320 1342 369 1378 de
398 1339 572 1389 portorio
604 1337 945 1377 circumvectionis
959 1352 970 1386 3
1010 1337 1063 1375 ait
1094 1351 1136 1375 se
1170 1338 1221 1375 de
1252 1337 1392 1376 consili
1423 1351 1508 1377 sen-

171 1405 294 1444 tentia
321 1419 402 1444 rem
428 1406 480 1443 ad
510 1412 690 1443 senatum
711 1403 902 1442 reiecisse.
973 1404 1167 1441 Nondum
1187 1403 1369 1442 videlicet
1398 1418 1506 1443 meas

171 1470 316 1509 litteras
338 1473 481 1521 legerat
505 1469 649 1520 quibus
673 1470 724 1508 ad
750 1483 841 1507 eum
871 1482 911 1507 re
941 1470 1122 1507 consulta
1145 1476 1183 1507 et
1203 1470 1401 1519 explorata
1425 1483 1507 1520 per-
1529 1484 1567 1506 20

172 1536 401 1586 scripseram
422 1549 504 1574 non
525 1534 671 1573 deberi.
733 1533 863 1572 Velim
894 1533 925 1572 si
956 1533 1023 1583 qui
1055 1533 1195 1571 Graeci
1225 1533 1302 1571 iarn
1333 1536 1505 1573 Romam

172 1616 220 1640 ex
245 1601 341 1639 Asia
369 1602 419 1638 de
449 1613 494 1638 ea
523 1613 642 1638 causa
669 1606 861 1637 venerunt
888 1598 1022 1637 videas
1054 1606 1102 1646 et,
1135 1598 1166 1637 si
1198 1598 1268 1637 tibi
1298 1599 1503 1647 videbitur,

172 1666 218 1705 iis
243 1667 488 1704 demonstres
514 1664 609 1714 quid
635 1677 708 1714 ego
733 1665 784 1702 de
811 1677 857 1702 ea
884 1677 924 1702 re
952 1663 1128 1702 sentiam.
1190 1664 1229 1703 Si
1250 1679 1411 1715 possum
1433 1664 1508 1704 dis-

173 1733 323 1778 cedere,
347 1744 396 1769 ne
426 1743 544 1768 causa
568 1729 719 1780 optima
748 1729 788 1767 in
819 1737 957 1768 senatu
984 1737 1127 1779 pereat,
1151 1744 1224 1780 ego
1249 1730 1340 1768 satis
1366 1730 1507 1768 faciam

173 1796 393 1848 publicanis
410 1811 421 1843 3
465 1799 495 1834 εἰ
526 1796 564 1834 δὲ
593 1797 645 1846 μή
676 1796 781 1847 (vere
808 1803 939 1834 tecum
965 1796 1130 1846 loquar),
1161 1796 1200 1834 in
1230 1798 1303 1835 hac
1333 1810 1373 1835 re
1403 1798 1507 1835 malo
1529 1809 1566 1842 25

173 1861 378 1900 universae
394 1861 512 1900 Asiae
533 1868 571 1900 et
592 1861 901 1911 negotiatoribus
919 1876 926 1907 3
957 1875 1049 1900 nam
1067 1875 1202 1900 eorum
1219 1876 1379 1912 quoque
1395 1863 1510 1900 vehe—

175 1935 327 1966 menter
360 1927 530 1966 interest.
592 1929 685 1966 Hoc
718 1941 790 1978 ego
827 1927 953 1966 sentio
985 1928 1099 1966 valde
1132 1927 1246 1965 nobis
1278 1941 1377 1978 opus
1410 1941 1506 1966 esse.

175 1993 254 2031 Sed
284 2000 325 2030 tu
355 1992 396 2031 id
425 1992 587 2032 videbis.
652 1995 891 2042 Quaestores
921 2000 1064 2040 autem,
1089 2007 1246 2043 quaeso,
1272 2007 1367 2031 num
1390 1992 1508 2031 etiam

175 2058 226 2096 de
264 2057 491 2108 cistophoro
529 2058 742 2097 dubitant?
812 2059 916 2097 Nam
951 2057 982 2096 si
1019 2057 1125 2096 aliud
1164 2057 1261 2095 nihil
1299 2057 1379 2104 erit,
1416 2071 1508 2095 cum

177 2121 322 2160 erimus
360 2122 494 2161 omnia
528 2123 685 2174 experti,
723 2136 795 2173 ego
830 2136 879 2161 ne
912 2121 1009 2161 illud
1043 2121 1205 2172 quidem
1239 2130 1502 2162 contemnam.
1527 2133 1569 2164 30

224 2237 242 2266 7
266 2227 419 2257 videatur
436 2226 512 2258 M2:
538 2227 715 2257 videbatur
731 2225 819 2256 codd.
948 2235 985 2264 17
1010 2225 1122 2255 scribit
1142 2225 1230 2256 Crat.
1353 2236 1395 2264 23
1420 2226 1511 2257 deci-

180 2271 261 2301 dere
279 2269 419 2311 Mczdmg
433 2282 439 2302 :
458 2271 629 2301 discutere
644 2270 764 2300 Orelli:
790 2272 865 2299 ante
880 2268 1056 2299 discedere
1071 2268 1208 2299 addend.
1224 2269 1269 2299 ita
1284 2269 1364 2300 coni.
1384 2269 1511 2300 ll’csen-

180 2313 257 2354 1)ng
372 2325 413 2353 24
439 2317 514 2344 aute
530 2324 573 2345 ne
590 2313 664 2345 add.
682 2318 717 2344 ut
730 2311 818 2343 Reid
924 2321 969 2353 30
985 2316 1211 2352 contemnam,
1222 2313 1310 2353 quod
1322 2317 1510 2345 extremum

182 2362 243 2389 est.
289 2357 338 2388 Te
355 2358 444 2398 vulg.
