1817 2832
174 114 269 152 VII.
287 113 302 151 i
665 111 721 150 M.
753 110 922 149 TVLLI
954 109 1261 150 CICERONIS

299 227 496 265 decresset
517 223 748 274 triumphos.
809 222 857 261 Ei
878 236 993 273 porro
1013 223 1205 261 adsensus
1226 228 1284 261 est
1308 235 1410 261 unus
1430 221 1628 261 familiaris

299 304 420 336 meua
445 288 656 336 Favonius,
683 289 779 326 alter
807 287 937 335 iratus,
971 287 1123 325 Hirrus.
1183 287 1284 327 Cato
1312 295 1444 326 autem
1473 295 1512 325 et
1542 286 1630 325 scri-

299 356 433 394 bendo
471 354 596 392 adfuit
635 361 672 391 et
710 354 760 391 ad
800 366 863 391 me
897 354 947 391 de
986 351 1181 391 sententia
1219 365 1288 390 sua
1326 351 1629 390 iucundissimas

298 419 444 458 litteras
465 418 579 456 misit.
640 419 718 457 Sed
748 426 881 456 tamen
909 419 1107 467 gratulans
1134 416 1231 455 mihi
1252 417 1396 456 Caesar
1417 418 1466 455 de
1488 416 1630 467 suppli-

299 484 453 523 catione
474 483 687 533 triumphat
717 483 767 521 de
794 482 989 521 sententia
1010 481 1173 522 Catonis
1203 495 1276 520 nec
1297 480 1429 520 scribit
1450 481 1546 531 quid
1567 481 1631 520 ille
1652 496 1668 527 5

299 547 518 587 sententiae
552 547 691 586 dixerit
730 548 800 586 sed
839 554 992 585 tantum
1031 546 1361 598 supplicationem
1402 560 1493 586 eum
1534 546 1631 585 mihi

299 626 381 652 non
402 612 632 651 decrevisse.

255 679 279 716 8
355 679 496 717 Redeo
516 678 567 716 ad
590 676 765 716 Hirrum.
826 679 1024 728 Coeperas
1042 691 1133 717 eum
1150 675 1246 716 mihi
1260 679 1415 728 placare
1431 692 1442 726 3
1472 678 1627 727 perfice.

302 744 440 781 Habes
471 744 661 791 Scrofam,
683 743 805 781 habes
835 742 984 781 Silium.
1044 743 1110 781 Ad
1140 756 1208 781 eos
1238 756 1311 793 ego
1340 750 1378 781 et
1408 741 1487 780 iam
1515 750 1631 781 antea

301 808 436 858 scripsi
457 809 506 846 ad
529 807 656 858 ipsum
681 808 855 846 Hirrum.
917 809 1092 846 Locutus
1113 807 1219 846 enim
1241 815 1321 846 erat
1348 821 1438 846 cum
1460 807 1506 845 iis
1527 821 1631 846 com·
1654 821 1691 842 10

300 875 419 912 mode
449 886 489 911 se
520 872 695 923 potuisse
724 872 915 922 impedire
944 873 1013 910 sed
1035 872 1208 911 noluisse
1223 887 1234 921 ;
1263 873 1476 910 adsensum
1498 879 1630 911 tamen

300 951 384 977 esse
407 937 561 984 Catoni,
585 937 825 976 amicissimo
846 950 949 985 meo,
971 950 1061 975 cum
1083 937 1114 975 is
1135 936 1572 976 honorificentissimam
1591 937 1630 974 in

300 1016 363 1041 me
385 1001 620 1041 sententiam
642 1001 802 1041 dixisset
817 1016 827 1050 3
856 1016 930 1041 nec
952 1015 1014 1040 me
1035 1003 1086 1041 ad
1112 1016 1152 1041 se
1177 1003 1275 1040 ullas
1300 1001 1445 1040 litteras
1466 1001 1628 1049 misisse,

300 1082 390 1107 cum
420 1069 471 1107 ad
501 1067 630 1105 omnis
655 1066 860 1105 mitterem.
920 1069 1069 1105 Verum
1100 1067 1266 1106 dicebat.
1326 1068 1392 1105 Ad
1413 1081 1503 1106 eum
1525 1067 1630 1105 enim

253 1145 280 1182 9
300 1134 427 1171 solum
458 1140 495 1170 et
525 1133 575 1170 ad
598 1132 874 1182 Crassipedem
902 1145 982 1170 non
1010 1131 1250 1182 scripseram.
1310 1134 1442 1182 Atque
1463 1133 1559 1170 haec
1581 1133 1631 1171 de
1655 1147 1690 1176 15

299 1198 415 1236 rebus
436 1196 656 1236 forensibus
675 1211 685 1244 3
713 1198 919 1235 redeamus
940 1198 1116 1235 domum.

356 1261 570 1312 Diiungere
591 1275 654 1300 me
675 1261 725 1299 ab
747 1261 813 1300 illo
834 1263 934 1300 volo.
997 1263 1132 1300 Merus
1153 1268 1211 1300 est
1226 1263 1402 1313 φυρατής,
1421 1276 1629 1313 germanus

300 1326 508 1365 Lartidius.

418 1410 544 1447 Ἀλλὰ
571 1411 618 1448 τὰ
645 1411 712 1460 μὲν
739 1410 987 1462 προτετύχθαι
1017 1411 1177 1461 ἐάσομεν
1207 1411 1407 1463 ἀχνύμενοί
1431 1429 1510 1462 περ.

301 1493 471 1543 Reliqua
486 1492 752 1543 expediamus,
768 1494 845 1532 hoc
861 1493 1198 1545 primum—quod
1215 1495 1379 1534 accessit
1395 1509 1487 1534 cura
1503 1494 1629 1534 dolori
1651 1512 1691 1535 20

300 1560 530 1605 meo,-sed
567 1566 699 1596 tamen
739 1559 828 1605 hoc,
862 1558 1052 1609 quicquid
1089 1567 1156 1606 est,
1193 1560 1426 1598 Precianum
1458 1574 1549 1598 cum
1584 1559 1629 1597 iis

300 1623 516 1662 rationibus
538 1637 634 1673 quas
656 1623 719 1661 ille
741 1637 847 1661 meas
869 1631 1006 1662 tractat
1028 1624 1236 1663 admisceri
1258 1627 1361 1663 nolo.
1422 1624 1565 1674 Scripsi
1579 1626 1630 1662 ad

299 1688 537 1735 Terentiam,
574 1686 709 1737 scripsi
741 1687 858 1725 etiam
893 1689 944 1726 ad
976 1688 1116 1738 ipsum,
1154 1703 1217 1727 me
1248 1689 1437 1739 quicquid
1471 1703 1629 1739 possem

299 1766 552 1791 nummorum
573 1753 624 1790 ad
644 1760 874 1802 apparatum
892 1753 1033 1802 sperati
1047 1753 1234 1803 triumphi
1248 1755 1298 1792 ad
1315 1762 1352 1792 te
1366 1755 1625 1793 redacturum.

301 1820 362 1857 Ita
395 1825 492 1868 puto
527 1819 701 1867 ἄμεμπτα
731 1819 839 1865 fore3
867 1831 1003 1856 verum
1033 1826 1076 1856 ut
1106 1818 1253 1857 libebit.
1316 1820 1435 1857 Hanc
1469 1833 1628 1869 quoque
1651 1836 1688 1867 ²5

300 1883 453 1933 suscipe
474 1896 607 1920 curam
628 1896 747 1932 quem
768 1883 818 1920 ad
833 1883 997 1920 modum
1015 1882 1268 1932 experiamur.
1330 1885 1378 1921 Id
1394 1892 1435 1921 tu
1452 1891 1489 1922 et
1503 1892 1630 1922 osten-

298 1947 390 1986 disti
411 1947 649 1997 quibusdam
680 1946 814 1986 litteris
839 1961 886 1985 ex
914 1947 1034 1997 Epiro
1060 1962 1112 1984 an
1134 1948 1301 1987 Athenis
1328 1949 1429 1987 datis
1457 1956 1495 1987 et
1522 1948 1561 1986 in
1582 1963 1629 1988 eo

299 2027 372 2063 ego
394 2020 431 2051 te
452 2013 661 2052 adiuvabo.

341 2127 372 2155 9,
387 2126 426 2146 10
450 2120 483 2146 et
500 2115 564 2146 iam
584 2139 591 2146 .
614 2140 620 2147 .
640 2141 645 2146 .
665 2116 780 2155 scripsi
795 2116 835 2146 ad
850 2116 952 2146 Boot:
980 2116 1081 2147 etiam
1098 2140 1104 2147 .
1120 2141 1126 2147 .
1146 2141 1151 2147 .
1172 2117 1302 2156 scripsi,
1317 2117 1435 2157 scripsi
1446 2118 1487 2148 ad
1499 2118 1629 2149 Baiter:

299 2160 399 2190 etiam
418 2184 424 2191 .
443 2183 450 2190 .
471 2183 478 2190 .
498 2160 618 2199 scripsi
636 2164 669 2189 et
686 2160 726 2189 ad
744 2159 765 2188 I
783 2158 969 2200 lVesenberg
1068 2170 1105 2199 17
1132 2160 1248 2191 Merus
1273 2160 1368 2192 Man.
1387 2172 1394 2191 ε
1419 2161 1522 2191 mirus
1538 2162 1628 2194 codd.

299 2214 341 2234 20
364 2204 453 2242 quod
480 2203 540 2233 M:
575 2213 642 2242 quo
668 2202 882 2243 Malaspr'na:
916 2204 948 2233 in
978 2213 1045 2241 quo
1071 2203 1187 2234 Lamb.
1281 2214 1381 2234 curae
1405 2205 1482 2235 coni.
1512 2205 1634 2236 Maller

299 2258 337 2277 21
365 2251 476 2277 tamen
493 2247 558 2277 hoc
583 2250 629 2277 Σε
654 2247 716 2276 hoc
734 2251 845 2277 tamen
872 2251 899 2277 Δ
1014 2248 1056 2277 26
1081 2248 1300 2287 expediamus
1317 2248 1395 2278 coni.
1420 2247 1629 2289 Wesenberg:

298 2296 518 2329 expectamus
531 2292 609 2322 com'.
624 2291 709 2321 Reid
816 2295 850 2320 tu
869 2288 946 2319 lll²t
972 2300 1027 2319 om
1045 2290 1097 2319 Μ1
1265 2301 1304 2330 27
1330 2302 1371 2322 an
1389 2291 1464 2323 add.
1485 2292 1604 2324 Lamb.
1623 2304 1628 2325 :

298 2339 354 2365 aut
371 2335 449 2366 σοιτί.
476 2334 666 2376 chsenbmg
681 2346 687 2365 :
712 2334 816 2375 Epiro
834 2333 989 2364 Athenas
1007 2334 1090 2364 Pius
