1817 2832
596 136 599 139 Δ
649 143 762 181 ΕΡΡ.
794 143 871 180 AD
901 141 1161 180 ATTICVM
1547 139 1646 178 Vrii

238 255 289 292 ad
317 266 380 292 me
404 252 521 291 velim
551 252 582 290 si
609 252 705 302 quid
736 251 806 290 erit
830 252 938 301 quod
961 253 1180 300 †operare†.
1242 250 1434 289 Nondum
1461 248 1568 288 enim

240 318 331 357 satis
353 319 430 356 huc
451 325 531 356 erat
551 319 727 356 adlatum
744 329 824 366 quo
846 317 966 354 modo
981 317 1125 355 Caesar
1141 317 1255 353 ferret
1271 316 1322 353 de
1337 314 1569 353 auctoritate

239 382 461 433 perscripta,
495 390 655 431 eratque
684 394 817 419 rumor
845 381 897 419 de
925 379 1218 430 Transpadanis
1248 392 1315 418 eos
1347 379 1473 418 iussos
1504 391 1566 417 1111

238 447 340 486 viros
361 460 501 485 creare.
562 447 683 495 Quod
713 446 743 484 si
771 446 824 483 ita
853 453 924 493 est,
945 458 1108 494 magnos
1137 452 1267 483 motus
1298 443 1428 482 timeo.
1488 444 1567 482 Sed

203 526 219 557 5
239 512 388 562 aliquid
410 526 456 550 ex
478 511 669 562 Pompeio
690 510 823 549 sciam.

282 644 355 678 III
523 645 591 678 Ser.
611 646 642 676 in
667 645 848 675 Trebulano
864 655 884 674 v
899 643 947 675 Id.
968 643 1049 675 Mai.
1069 654 1101 675 α.
1122 653 1175 683 703
1193 643 1271 685 (51).

657 716 832 747 CICERO
856 715 1027 746 ATTICO
1053 715 1150 746 SAL.

295 794 341 829 A.
373 793 410 830 d.
443 803 483 829 V1
514 792 611 830 Idus
644 789 772 828 Maias
803 789 893 828 veni
926 789 966 827 in
993 781 1262 827 Trebulanum
1289 789 1340 827 ad
1368 787 1564 826 Pontium.
1587 802 1604 829 1

243 855 304 894 Ibi
326 855 422 894 mihi
443 864 532 894 tuae
559 855 708 893 litterae
736 854 853 893 binae
872 853 1048 893 redditae
1076 861 1167 891 sunt
1193 852 1307 891 tertio
1336 853 1407 890 abs
1432 859 1469 890 te
1490 851 1564 890 die.

184 936 223 959 ιο
243 922 397 959 Eodem
425 928 556 959 autem
586 919 718 958 exiens
745 933 767 958 e
794 918 1038 969 Pompeiano
1064 917 1278 956 Philotimo
1302 918 1488 955 dederam
1516 917 1566 954 ad

241 993 279 1024 te
300 986 470 1033 litteras;
500 999 573 1024 nec
596 998 687 1023 vero
715 998 821 1022 nunc
848 991 929 1022 erat
950 997 1043 1021 sane
1070 983 1179 1032 quod
1206 982 1426 1020 scriberem.
1488 980 1567 1029 Qui

240 1051 290 1088 de
329 1064 369 1088 re
407 1050 565 1100 publica
603 1062 778 1088 rumores
817 1048 952 1095 scribe,
987 1061 1160 1097 quaeso3
1200 1047 1240 1084 in
1274 1046 1430 1097 oppidis
1460 1046 1565 1084 enim

240 1129 439 1153 summum
469 1115 585 1153 video
615 1114 796 1152 timorem
826 1114 896 1151 sed
926 1114 1048 1151 multa
1077 1112 1218 1150 inania.
1292 1111 1401 1160 Quid
1426 1112 1475 1149 de
1505 1111 1565 1148 his

239 1180 386 1229 cogites
407 1187 445 1218 et
466 1180 626 1229 quando
648 1178 745 1217 scire
765 1178 892 1216 velim.
943 1179 1008 1216 Ad
1030 1191 1126 1227 quas
1147 1177 1292 1215 litteras
1314 1176 1384 1214 tibi
1405 1174 1563 1214 rescribi
1584 1189 1608 1215 2

182 1261 219 1292 15
238 1244 333 1283 velis
363 1244 507 1283 nescio.
568 1245 706 1282 Nullas
736 1243 842 1281 enim
871 1244 1003 1281 adhuc
1031 1256 1260 1292 acceperam
1285 1249 1436 1292 praeter
1464 1254 1565 1290 quae

240 1309 336 1347 mihi
374 1309 491 1348 binae
530 1308 645 1346 simul
684 1308 724 1346 in
763 1308 991 1346 Trebulano
1031 1307 1206 1346 redditae
1245 1315 1360 1354 suntg
1400 1319 1564 1356 quarum

237 1376 382 1413 alterae
420 1373 594 1412 edictum
634 1375 675 1411 P.
706 1372 834 1411 Licini
872 1373 1072 1410 habebant
1112 1372 1237 1421 (erant
1270 1379 1402 1409 autem
1437 1370 1566 1408 Nonis

241 1439 359 1477 Maiis
398 1438 544 1488 datae),
583 1439 726 1476 alterae
764 1437 972 1487 rescriptae
1010 1437 1060 1474 ad
1104 1449 1210 1474 meas
1256 1434 1562 1473 Menturnensis.

239 1506 371 1553 Quam
401 1517 536 1542 vereor
565 1516 615 1541 ne
645 1502 740 1552 quid
770 1502 884 1541 fuerit
909 1502 1198 1550 σπουδαιότερον
1218 1500 1258 1538 in
1285 1500 1330 1538 iis
1360 1513 1457 1550 quas
1484 1514 1565 1538 non

178 1585 220 1607 20
237 1568 374 1619 accepi
412 1568 555 1618 quibus
597 1566 757 1606 rescribi
795 1566 875 1605 vis!
932 1568 1056 1616 Apud
1090 1567 1303 1604 Lentulum
1341 1578 1486 1615 ponam
1527 1573 1564 1603 te

236 1634 277 1672 in
305 1634 437 1684 gratia.

293 1699 506 1749 Dionysius
536 1698 652 1738 nobis
682 1698 792 1737 cordi
821 1706 889 1737 est.
950 1697 1124 1736 Nicanor
1153 1704 1241 1734 tuus
1274 1709 1432 1745 operam
1465 1695 1561 1733 mihi
1581 1705 1604 1741 3

237 1766 304 1803 dat
333 1764 538 1815 egregiam.
599 1766 685 1802 Iam
715 1765 826 1802 deest
855 1764 963 1813 quod
994 1762 1160 1801 scribam
1194 1768 1232 1799 et
1265 1762 1379 1798 lucet.
1441 1761 1562 1798 Bene-

236 1830 342 1869 venti
373 1830 596 1880 cogitabam
635 1829 765 1868 hodie.
826 1830 971 1867 Nostra
1009 1826 1252 1866 continentia
1286 1833 1323 1863 et
1362 1824 1563 1875 diligentia

179 1910 218 1941 25
235 1900 346 1935 †esse
380 1894 471 1933 satis
503 1894 692 1933 faciemus
726 1893 828 1932 satis.
888 1895 925 1931 A
957 1892 1100 1931 Pontio
1129 1905 1176 1930 ex
1205 1890 1432 1928 Trebulano
1460 1902 1493 1927 a.
1522 1890 1560 1927 d.

238 1972 262 1997 v
283 1961 379 1998 Idus
401 1959 538 1997 Maias.

284 2073 296 2092 1
322 2064 465 2093 odorere
486 2061 646 2092 Vrsinus:
661 2062 741 2101 sort.
762 2072 886 2101 operae
905 2065 955 2091 est
1097 2060 1116 2089 8
1141 2069 1176 2089 vr
1200 2059 1307 2099 vulg:
1334 2068 1356 2088 v
1373 2057 1414 2087 M
1525 2068 1564 2088 10

233 2107 355 2136 exiens
373 2117 390 2136 e
409 2105 518 2135 Lamb
536 2117 542 2136 :
567 2115 720 2144 expense
737 2105 825 2136 codd.
844 2106 881 2144 cf.
900 2115 930 2135 2.
948 2115 967 2134 2
1069 2113 1105 2141 ¹3
1131 2102 1196 2142 his]
1214 2103 1300 2133 villis
1318 2101 1476 2141 Madvljg:
1501 2101 1564 2130 viis

240 2149 379 2189 Vssz'ng:
395 2150 475 2187 fort.
500 2149 560 2179 HS
584 2149 653 2190 <H
676 2153 709 2178 et
729 2147 842 2190 Dece),
865 2148 902 2187 cf.
926 2157 956 2186 5.
976 2158 994 2176 2
1102 2157 1139 2185 14
1164 2151 1197 2176 et
1222 2146 1356 2185 quando
1381 2155 1445 2174 0111.
1475 2143 1561 2174 Rav.

240 2195 278 2223 16
302 2193 399 2222 simul
418 2193 517 2223 Rom.
536 2203 541 2222 :
575 2192 680 2222 semel
697 2191 739 2221 M
856 2201 891 2230 17
918 2191 954 2220 P.
976 2190 1081 2220 Licini
1099 2190 1186 2229 vulg.
1207 2201 1212 2219 :
1240 2188 1330 2228 publi
1349 2188 1371 2217 li
1390 2187 1487 2217 michi
1505 2187 1562 2216 M:

236 2236 274 2266 P.
297 2235 430 2266 Lentuli
455 2236 513 2274 (sc.
539 2234 732 2274 Spiutlzen'sl
759 2234 1005 2272 Scln'clmtsort.
1034 2233 1074 2271 Q.
1105 2233 1193 2262 Muci
1220 2232 1254 2263 P.
1279 2232 1309 2266 f..
1341 2232 1377 2268 cf.
1403 2231 1445 2260 vi.
1476 2241 1501 2261 1.
1526 2240 1563 2269 15

239 2289 277 2318 19
303 2280 401 2309 suerit
418 2282 487 2309 vett.
506 2289 513 2308 τ
539 2279 648 2308 fuerat
664 2277 740 2308 M':
766 2278 823 2307 fiat
848 2276 902 2306 ΜΔΞ
1035 2287 1078 2307 20
1102 2276 1204 2315 Apud
1222 2275 1295 2306 add.
1316 2273 1389 2305 Vict.
1522 2284 1563 2313 23

237 2322 472 2352 Beneventum
490 2321 613 2352 Rosius
753 2331 792 2360 25
820 2331 895 2351 esse
912 2320 995 2350 satis
1016 2320 1097 2358 sort.
1117 2319 1166 2349 vel
1180 2317 1397 2347 omistendmn
1417 2317 1467 2356 cs.
1488 2319 1519 2348 6.
1548 2328 1559 2346 1

231 2366 295 2396 ‘ubi
316 2376 378 2395 voc.
400 2370 595 2402 suspectare
621 2364 727 2399 iterat)
756 2365 805 2394 vel
827 2365 859 2394 in
882 2364 983 2393 etiam
1006 2363 1107 2394 sociis
1130 2361 1352 2392 mutandum:
1379 2361 1408 2390 ei
1436 2361 1562 2391 civitati

236 2410 314 2440 coni.
339 2408 547 2448 chsenberg:
571 2407 812 2438 existimationi
830 2406 953 2437 Mz'c‘ller
1423 2418 1426 2420 v
