1817 2832
134 136 181 173 V.
206 135 314 173 xviii
629 132 684 170 M.
717 131 887 169 TVLLI
918 130 1225 170 CICERONIS

220 416 236 442 1

300 241 462 277 XVIII
505 242 574 274 Ser.
593 243 626 273 in
644 243 757 273 castris
773 242 821 273 ad
835 241 980 283 Cybistra
995 242 1033 272 xi
1045 241 1088 273 K.
1106 241 1172 273 Oct.
1192 252 1222 273 a.
1243 250 1297 282 703
1316 241 1328 282 (
1336 242 1397 281 51).

680 318 856 350 CICERO
882 318 1054 349 ATTICO
1080 318 1178 350 SAL.

313 400 445 448 Quam
469 398 610 436 vellem
637 399 791 435 Romae
818 409 934 442 65565,
958 395 989 434 si
1016 397 1115 434 forte
1139 409 1220 434 non
1245 397 1309 433 es!
1349 393 1459 433 Nihil
1484 393 1590 434 enim

259 466 352 503 certi
382 463 627 501 habebamus
657 461 731 500 nisi
760 461 960 511 accepisse
990 474 1062 498 nos
1092 468 1178 498 tuas
1208 460 1353 498 litteras
1377 474 1409 498 a.
1434 461 1470 498 d.
1494 472 1589 498 X1111

260 531 347 567 Kal.
378 528 508 567 Sextil.
539 529 663 575 datas,
684 527 724 564 in
756 526 900 576 quibus
935 525 1122 576 scriptum
1155 532 1257 564 esset
1288 532 1326 564 te
1354 524 1395 562 in
1426 525 1589 575 Epirum
1611 537 1628 569 5

257 594 402 632 iturum
437 593 589 632 circiter
621 594 710 630 Kal.
745 591 875 630 Sextil.
938 592 1016 630 Sed
1055 590 1135 629 sive
1168 592 1322 629 Romae
1356 603 1397 628 es
1436 589 1517 628 sive
1550 589 1591 628 in

258 659 391 710 Epiro,
425 658 557 697 Parthi
587 659 817 708 Euphraten
848 656 1083 695 transierunt
1113 657 1216 695 duce
1250 658 1411 702 Pacoro,
1446 654 1591 693 Orodis

257 725 357 774 regis
397 726 630 763 Parthorum
669 724 760 771 filio,
797 737 879 761 cnm
918 722 1070 761 cunctis
1109 724 1187 761 fere
1226 722 1360 772 copiis.
1425 721 1591 759 Bibulus

257 791 439 828 nondum
482 789 716 828 audiebatur
758 802 843 827 esse
891 788 931 826 in
974 788 1107 837 Syria;
1155 787 1314 827 Cassius
1357 786 1398 824 in
1441 785 1590 836 oppido

257 855 473 894 Antiochia
506 862 564 893 est
598 868 689 892 cum
724 853 833 892 omni
867 853 1050 900 exercitu,
1082 866 1154 891 nos
1185 852 1226 890 in
1256 851 1512 902 Cappadocia
1540 851 1591 889 ad
1615 863 1651 885 10

257 922 433 959 Taurum
464 934 555 959 cum
585 919 755 958 exercitu
784 920 836 958 ad
866 918 1048 969 Cybistra
1065 933 1074 965 3
1122 917 1245 956 hostis
1275 917 1315 955 in
1345 915 1592 967 Cyrrhestica

258 1000 359 1036 quae
393 985 524 1035 Syriae
559 998 646 1035 pars
677 984 855 1034 proxima
893 992 951 1023 est
984 983 1208 1034 provinciae
1242 996 1364 1021 meae.
1434 981 1511 1019 His
1542 982 1592 1019 de

257 1052 373 1089 rebus
401 1050 535 1101 scripsi
557 1052 607 1089 ad
629 1058 819 1096 senatum,
843 1063 941 1099 quas
962 1049 1117 1095 litteras,
1142 1048 1172 1086 si
1195 1050 1348 1086 Romae
1368 1061 1420 1093 es,
1439 1045 1592 1085 videbis

258 1124 424 1167 putesne
461 1117 683 1154 reddendas
715 1123 753 1154 et
785 1117 919 1161 multa,
954 1114 1076 1152 immo
1110 1113 1254 1160 omnia,
1284 1126 1451 1162 quorum
1483 1112 1592 1160 κεφά-

258 1185 364 1220 λαιον
384 1195 433 1220 ne
458 1181 554 1231 quid
582 1181 682 1219 inter
706 1194 819 1218 caesa
846 1187 884 1218 et
912 1186 1099 1229 porrecta,
1127 1186 1170 1216 ut
1194 1177 1314 1224 aiunt,
1338 1176 1467 1216 oneris
1495 1176 1591 1214 mihi
1614 1191 1650 1223 15

259 1248 426 1285 addatur
446 1254 513 1284 aut
529 1245 726 1296 temporis.
778 1245 906 1283 Nobis
927 1244 1032 1282 enim
1054 1245 1127 1281 hac
1144 1242 1367 1280 infirmitate
1388 1242 1589 1288 exercitus,

259 1312 394 1362 inopia
413 1311 621 1358 sociorum,
640 1310 866 1361 praesertim
888 1309 1075 1356 fidelium,
1091 1308 1351 1347 certissimum
1373 1307 1593 1346 subsidium

260 1384 319 1415 est
342 1377 478 1415 hiems.
540 1378 598 1414 Ea
625 1376 656 1414 si
676 1375 825 1414 venerit
849 1389 922 1413 nec
951 1374 1004 1412 illi
1028 1382 1119 1412 ante
1140 1373 1179 1411 in
1200 1386 1329 1411 meam
1350 1372 1593 1422 provinciam

260 1441 492 1488 transierint,
516 1455 638 1479 unum
664 1455 798 1480 vereor
827 1454 876 1479 ne
907 1447 1064 1478 senatus
1091 1446 1250 1489 propter
1275 1439 1512 1477 urbanarum
1540 1452 1594 1476 re-

260 1521 346 1545 rum
368 1514 518 1545 metum
540 1506 774 1556 Pompeium
804 1505 902 1544 nolit
929 1504 1136 1544 dimittere.
1198 1505 1318 1552 Quod
1343 1503 1374 1542 si
1401 1504 1521 1542 alium
1542 1504 1592 1542 ad
1614 1518 1654 1540 20

260 1586 326 1610 ver
356 1571 483 1618 mittit,
510 1585 592 1610 non
621 1573 767 1617 laboro,
795 1570 910 1609 nobis
940 1571 1062 1608 modo
1092 1569 1278 1619 temporis
1308 1582 1357 1607 ne
1385 1569 1480 1618 quid
1509 1582 1594 1618 pro-

217 1647 242 1675 2
262 1644 427 1685 rogetur.
488 1638 602 1674 Haec
631 1635 755 1685 igitur,
783 1635 814 1673 si
841 1649 882 1673 es
911 1637 1088 1681 Romae3
1118 1634 1178 1671 sin
1201 1634 1295 1671 abes
1323 1640 1389 1670 aut
1416 1632 1533 1671 etiam
1561 1632 1593 1670 si

260 1703 366 1747 adeS,
389 1702 486 1738 haec
513 1699 670 1749 negotia
699 1699 754 1737 sic
784 1713 824 1737 se
854 1700 1012 1737 habent.
1072 1700 1229 1736 Stamus
1258 1697 1398 1735 animis
1429 1705 1477 1743 et,
1501 1696 1593 1746 quia

260 1765 444 1811 consiliis,
470 1773 510 1803 ut
535 1765 724 1811 videmur,
751 1765 866 1803 bonis
896 1764 1052 1811 utimur⁷
1082 1777 1282 1814 speramus
1312 1762 1429 1801 etiam
1460 1776 1590 1800 manu.

261 1833 369 1869 Tuto
395 1830 647 1869 consedimus
678 1830 841 1880 copioso
867 1844 890 1867 a
917 1831 1124 1876 frumentO,
1148 1828 1327 1868 Ciliciam
1356 1841 1477 1877 prope
1504 1841 1595 1865 con·
1615 1841 1653 1873 25

262 1895 463 1945 spiciente‚
487 1895 671 1944 expedito
698 1896 748 1932 ad
780 1895 1015 1932 mutandum
1043 1895 1141 1940 loco,
1172 1906 1292 1943 parvo
1320 1892 1489 1930 exercitu
1511 1894 1591 1939 sed,

261 1967 305 2008 ut
332 1973 455 2009 spero,
479 1961 529 1998 ad
558 1959 874 1997 benevolentiam
903 1972 992 2008 erga
1021 1972 1093 1996 nos
1120 1957 1401 1995 consentiente.
1463 1958 1594 2006 Quem

262 2038 335 2063 nos
362 2024 536 2062 Deiotari
564 2025 737 2063 adventu
764 2038 855 2062 cum
887 2023 965 2061 suis
993 2022 1179 2061 omnibus
1209 2021 1332 2072 copiis
1360 2021 1596 2072 duplicaturi

262 2103 427 2128 eramus.
487 2089 611 2128 Sociis
643 2091 768 2127 multo
799 2087 1041 2126 fidelioribus
1069 2087 1214 2125 utimur
1241 2100 1361 2136 quam
1385 2086 1594 2136 quisquam

262 2168 356 2193 usus
381 2162 463 2202 est3
493 2154 637 2204 quibus
664 2152 904 2192 incredibilis
929 2152 1082 2191 videtur
1108 2159 1240 2190 nostra
1266 2160 1304 2190 et
1331 2153 1595 2190 mansuetudo
1616 2167 1657 2197 30

262 2227 301 2258 et
338 2219 588 2258 abstinentia.
661 2218 840 2257 Dilectus
887 2218 1055 2256 habetur
1101 2216 1245 2255 civium
1294 2218 1596 2264 Romanorum3

307 2335 326 2362 4
350 2323 524 2363 accepisse
546 2321 624 2362 nos]
652 2321 901 2360 accepissemus
922 2320 1047 2350 Sclzz't‘lz
1180 2320 1200 2350 8
1224 2329 1297 2349 cum
1321 2317 1395 2349 add.
1416 2318 1536 2355 Baiter,
1557 2318 1593 2357 cf.

263 2367 361 2398 Fam.
376 2377 429 2397 xv.
446 2377 471 2396 1.
495 2376 506 2395 1
577 2366 646 2396 sere
660 2359 731 2396 CZl’
747 2377 752 2395 :
772 2365 898 2394 referto
911 2363 1012 2393 ΔΗΟ
1022 2363 1128 2401 elfere
1142 2363 1249 2393 simile
1261 2361 1329 2392 ΡΝ
1416 2372 1455 2392 10
1472 2362 1593 2392 Antio·

262 2411 338 2441 chia
363 2414 415 2440 est
443 2410 609 2439 Heraeus:
642 2408 824 2438 Anthiocie
850 2407 909 2437 M:
941 2407 1123 2437 Antiochia
1143 2406 1352 2446 lfVesenbeaegz
1387 2405 1592 2435 Antiochiae

260 2455 348 2495 vulg.
440 2462 482 2491 30
504 2457 555 2483 est
568 2452 734 2484 Faernus:
761 2456 851 2481 essct
867 2450 908 2480 M
972 2455 1090 2481 nostra
1108 2455 1141 2480 et
1154 2449 1296 2488 Kayser:
1323 2453 1357 2480 et
1372 2455 1488 2479 nostra
1505 2448 1591 2480 codd.
