1790 2837
640 139 752 178 EPP.
784 141 863 178 AD
892 140 1151 180 ATTICVM
1492 142 1522 180 I.

199 251 259 288 vel
281 262 370 288 cum
395 249 455 288 his
482 250 670 289 molestiis
690 251 892 301 pervenire
912 251 1017 290 velis.
1078 252 1183 290 Nam
1204 265 1254 291 ne
1273 252 1416 291 absens
1437 265 1524 291 cen-

199 327 306 351 seare
337 314 483 352 curabo
515 314 753 352 edicendum
785 323 823 354 et
852 317 1156 366 proponendum
1187 316 1284 355 locis
1315 316 1524 365 omnibus3

199 378 273 416 sub
302 379 466 415 lustrum
496 386 628 416 autem
658 379 806 417 censeri
832 380 1006 430 germani
1032 379 1284 430 negotiatoris
1306 388 1372 419 est.
1434 382 1524 430 Qua

198 455 239 480 re
277 455 369 480 cura
407 449 449 480 ut
484 450 522 480 te
555 456 674 492 quam
708 443 877 493 primum
910 444 1123 483 videamus.
1183 446 1291 484 Vale.
1350 457 1394 483 XI
1433 447 1520 484 Kal.

160 515 177 548 5
199 507 310 545 Febr.
345 508 392 556 Q.
427 508 601 554 Metello,
635 509 677 546 L.
710 508 872 547 Afranio
902 522 999 547 coss.

241 639 352 674 XIX
542 641 609 674 Scr.
631 641 760 673 Roman
773 642 822 674 Id.
844 643 943 675 Mart.
965 655 994 675 a.
1016 646 1080 685 694
1101 644 1182 686 (60).

608 714 784 745 CICERO
816 715 986 746 ATTICO
1019 716 1116 748 SAL.

253 787 347 825 Non
379 787 500 825 modo
532 786 563 824 si
594 786 690 824 mihi
723 794 874 825 tantum
907 794 1008 826 esset
1039 788 1093 826 oti
1125 795 1316 838 quantum
1348 796 1406 828 est
1439 788 1521 836 tibi,

200 864 334 890 verum
366 851 483 890 etiam
511 851 542 889 si
574 858 653 889 tam
685 851 811 890 brevis
842 851 1025 902 epistulas
1052 854 1192 891 vellem
1223 853 1375 893 mittere
1405 867 1521 903 quam

142 930 182 954 10
200 923 242 954 tu
274 918 385 962 soles,
410 915 523 954 facile
554 923 592 954 te
619 929 841 966 superarem
869 924 907 954 et
936 916 974 954 in
1006 917 1214 956 scribendo
1244 920 1369 956 multo
1398 932 1523 957 essem

199 981 369 1020 crebrior
390 995 509 1031 quam
529 988 581 1019 tu.
642 982 720 1019 Sed
740 983 790 1019 ad
811 995 983 1020 summas
1010 990 1128 1032 atque
1149 982 1387 1021 incredibilis
1413 997 1525 1021 occu-

198 1045 378 1096 pationes
400 1058 505 1082 meas
526 1045 679 1083 accedit
700 1046 808 1094 quod
830 1047 976 1083 nullam
1003 1060 1026 1084 a
1053 1060 1115 1085 me
1136 1049 1226 1085 volo
1248 1047 1452 1097 epistulam
1474 1048 1524 1085 ad

199 1118 237 1148 te
252 1110 402 1159 absque
419 1116 650 1158 argumento
665 1122 711 1147 ac
728 1109 920 1147 sententia
934 1110 1144 1159 pervenire.
1192 1113 1242 1148 Et
1258 1111 1426 1160 primum
1441 1111 1522 1157 tibi,

199 1182 242 1212 ut
267 1186 438 1223 aequum
465 1180 523 1211 est
547 1172 622 1211 civi
646 1173 793 1211 amanti
818 1173 996 1223 patriam,
1017 1188 1117 1224 quae
1142 1174 1218 1213 sint
1243 1175 1281 1212 in
1308 1189 1348 1214 re
1368 1176 1526 1225 publica

142 1252 179 1284 15
200 1251 419 1288 exponam3
448 1237 594 1276 deinde
621 1238 808 1288 quoniam
833 1238 904 1277 tibi
927 1252 1060 1277 amore
1088 1253 1159 1277 nos
1186 1239 1351 1289 proximi
1378 1254 1523 1287 sumus,

201 1303 416 1342 scribemus
430 1302 547 1341 etiarn
556 1304 606 1341 de
616 1303 731 1341 nobis
739 1317 892 1353 eaquae
907 1303 1003 1342 scire
1017 1312 1054 1342 te
1068 1318 1148 1342 non
1165 1306 1269 1343 nolle
1282 1305 1522 1343 arbitramur.

254 1371 387 1418 Atque
415 1367 456 1406 in
483 1381 523 1406 re
549 1367 708 1418 publica
737 1381 843 1406 nunc
873 1368 1034 1418 quidem
1066 1369 1233 1408 maxime
1265 1370 1404 1408 Gallici
1434 1370 1523 1408 belli

136 1473 139 1475 ,
201 1441 373 1472 versatur
402 1440 540 1470 metus.
600 1433 704 1470 Nam
727 1432 887 1470 Haedui
908 1434 1041 1471 fratres
1068 1433 1190 1471 nostri
1211 1447 1382 1483 pugnam
1404 1448 1527 1484 nuper

202 1501 344 1537 malam
374 1505 597 1548 pugnarunt
627 1505 665 1535 et
686 1498 858 1535 Helvetii
888 1497 971 1535 sine
995 1497 1118 1536 dubio
1145 1507 1235 1536 sunt
1262 1498 1301 1536 in
1325 1499 1441 1537 armis
1468 1513 1527 1537 ex-

144 1583 183 1605 20
202 1564 481 1613 cursionesque
516 1562 556 1600 in
588 1561 830 1612 provinciam
863 1562 1020 1600 faciunt.
1081 1564 1246 1600 Senatus
1280 1563 1451 1601 decrevit
1485 1571 1527 1601 ut

202 1630 384 1668 consules
412 1629 510 1666 duas
539 1627 685 1666 Gallias
714 1627 950 1673 sortirentur,
983 1627 1149 1665 dilectus
1179 1628 1395 1674 haberetur,
1419 1642 1528 1666 vaca-

202 1695 328 1733 tiones
362 1707 412 1731 ne
442 1694 625 1739 valerent,
663 1692 779 1742 legati
808 1686 897 1730 cum
928 1692 1158 1730 auctoritate
1188 1693 1432 1731 mitterentur
1461 1693 1526 1742 qui

202 1760 355 1799 adirent
382 1758 533 1798 Galliae
562 1757 738 1797 civitates
769 1759 986 1806 darentque
1013 1770 1172 1806 operam
1200 1771 1249 1795 ne
1276 1771 1345 1795 eae
1372 1771 1412 1796 se
1437 1771 1526 1796 cum

204 1824 398 1864 Helvetiis
428 1824 721 1874 coniungerent.
782 1823 919 1873 Legati
949 1830 1039 1860 sunt
1070 1823 1118 1870 Q.
1143 1824 1328 1861 Metellus
1350 1823 1527 1861 Creticus

146 1906 184 1938 25
204 1899 242 1930 et
271 1893 314 1929 L.
339 1892 502 1928 Flaccus
531 1897 579 1937 et,
611 1891 653 1928 τὸ
683 1890 742 1927 ἐπὶ
769 1892 815 1940 τῇ
844 1892 948 1939 φακῇ
974 1889 1101 1938 μύρον,
1123 1889 1312 1926 Lentulus
1343 1888 1526 1926 Clodiani

247 2004 261 2024 1
287 1993 481 2034 pervenire]
501 1993 627 2033 perfrui
645 1992 767 2023 Rosius
897 2001 916 2030 5
941 1991 981 2030 Q.
1005 1991 1141 2022 Metello
1158 2016 1165 2023 .
1186 2017 1193 2023 .
1212 2016 1220 2024 .
1241 2001 1317 2022 coss
1332 1992 1369 2031 cf.
1389 1991 1440 2022 ad.
1461 2002 1489 2022 2.
1511 2002 1523 2022 1

203 2049 224 2078 9
247 2038 365 2068 vellem
379 2038 527 2067 Ernesti:
551 2037 650 2066 velim
668 2036 754 2067 codd.
889 2045 989 2074 quam
1008 2035 1101 2066 Man.
1122 2047 1128 2065 :
1152 2036 1242 2075 quod
1258 2036 1307 2065 vel
1321 2045 1419 2073 quem
1436 2035 1523 2066 codd.

205 2091 245 2112 10
261 2081 357 2111 facile
371 2081 461 2111 Man.
480 2093 486 2110 :
501 2081 610 2110 facere
626 2079 713 2110 codd.
784 2078 964 2115 scribendo
975 2078 1143 2109 Muretus:
1169 2079 1295 2117 scripto
1306 2078 1394 2109 codd.
1489 2088 1526 2107 12

203 2124 285 2154 volo
302 2124 432 2154 Baiter:
467 2123 538 2154 solo
562 2123 672 2153 codd:
706 2133 770 2154 om.
794 2122 893 2152 Klotz
1048 2131 1085 2160 13
1110 2122 1236 2160 absque
1252 2121 1392 2160 ch'ilfflz'n
1410 2120 1526 2151 Prazm

207 2167 379 2205 (‘Arclu'v’
403 2167 446 2196 vi.
467 2171 501 2206 j).
522 2168 599 2205 202)
624 2166 681 2196 (τί-Ι.
707 2166 782 2196 sino
807 2169 843 2195 ut
861 2165 1073 2205 glosscnmte:
1101 2165 1175 2195 sino
1203 2165 1265 2202 (vel
1286 2165 1376 2197 sine)
1401 2165 1526 2202 absque

203 2209 291 2241 codd.
310 2222 316 2240 ε
358 2211 432 2240 sine
463 2210 575 2248 aliquo
606 2208 783 2239 Lehmann
800 2220 806 2239 :
853 2208 926 2237 sine
957 2208 1045 2247 vulg.
1074 2207 1320 2245 Lommalssclt,
1344 2207 1424 2245 fort.
1453 2210 1528 2237 recle

202 2253 381 2294 pervenire
394 2252 460 2283 Cv.
474 2263 495 2282 c.
513 2263 520 2282 :
544 2252 682 2282 evenire
699 2254 740 2282 Es
845 2262 881 2288 14
900 2251 970 2281 sint
988 2253 1012 2280 Σ
1030 2250 1116 2280 Crat.
1134 2261 1140 2281 :
1165 2249 1320 2279 suntcod.
1335 2249 1531 2289 Poggianus

205 2295 307 2333 (Med.
326 2306 378 2334 49.
399 2296 456 2334 24)
474 2305 491 2324 s
604 2305 639 2333 17
665 2295 742 2324 belli
760 2305 826 2324 om.
842 2293 909 2324 cod.
925 2293 1125 2333 Poggianus
1248 2293 1293 2330 18,
1317 2303 1355 2331 19
1380 2303 1528 2331 pugnam

204 2349 314 2378 nuper
331 2338 449 2368 malam
468 2337 575 2368 Boot:
599 2341 752 2377 pugnant
770 2337 865 2376 pueri
885 2337 948 2375 (vel
970 2337 1069 2375 puer)
1089 2335 1208 2365 malam
1231 2335 1295 2373 (vel
1315 2335 1349 2365 in
1372 2336 1458 2366 alam
1483 2335 1532 2365 vel

204 2382 304 2420 male)
313 2381 399 2411 codd.
420 2392 426 2411 ε
444 2390 590 2420 pugnam
603 2381 784 2419 permalam
796 2379 935 2418 Madvig
1025 2389 1063 2417 19
1081 2379 1230 2408 Helvetii
1243 2377 1317 2408 add.
1332 2378 1528 2408 Ascenst'us:

203 2425 320 2456 lacuna
337 2425 371 2454 in
385 2424 442 2455 N:
465 2434 532 2455 om.
551 2422 638 2455 codd.
771 2431 813 2461 25
838 2422 992 2452 Clodiani
1009 2422 1170 2462 Sigonius
1186 2433 1193 2452 :
1219 2421 1360 2452 Clodiae
1378 2421 1467 2452 codd.

1383 2466 1423 2495 3*

1540 142 1648 180 xviii

1543 796 1560 823 1

1545 1380 1569 1406 2
