1817 2832
136 112 327 150 V11.xxi
643 115 700 152 M.
735 115 905 152 TVLLI
937 114 1245 154 CICERONIS

325 271 436 306 XXI
505 274 575 307 Ser.
597 275 730 306 Calibus
745 276 779 307 vi
792 276 843 307 Id.
863 276 952 308 Febr.
971 280 1047 308 ante
1062 277 1165 307 lucem
1182 287 1215 308 a.
1234 286 1290 318 705
1308 278 1393 319 (49).

690 358 866 389 CICERO
898 358 1074 390 ATTICO
1106 358 1204 390 SAL.

247 451 265 478 1
338 440 400 478 De
431 440 542 478 malis
572 440 714 479 nostris
743 448 785 478 tu
810 441 915 491 prius
938 441 1051 480 audis
1079 455 1198 492 quam
1223 455 1307 492 ego.
1367 441 1480 481 Istim
1508 441 1613 481 enim

282 512 478 543 emanant.
540 505 642 543 Boni
662 513 795 543 autem
816 505 908 544 hinc
929 508 1037 556 quod
1056 514 1260 556 exspectes
1281 505 1378 544 nihil
1401 513 1470 545 est.
1510 506 1614 545 Veni

282 570 462 619 Capuam
484 571 535 607 ad
557 571 695 607 Nonas
718 571 828 608 Febr.
853 570 906 608 ita
931 579 974 608 ut
1000 571 1191 609 iusserant
1212 572 1406 609 consules,
1467 573 1528 609 Eo
1549 571 1614 610 die
1634 588 1651 620 5

282 634 474 672 Lentulus
506 634 612 672 venit
651 648 747 672 sero.
807 636 918 673 Alter
956 637 1094 673 consul
1134 635 1298 674 omnino
1336 649 1418 674 non
1455 643 1614 675 venerat

281 711 339 736 vn
364 701 471 738 Idus.
532 702 592 739 Eo
617 700 723 738 enim
748 700 812 738 die
842 714 915 751 ego
944 702 1082 750 Capua
1112 701 1273 739 discessi
1300 709 1338 739 et
1363 701 1489 739 mansi
1515 701 1614 741 Cali-

281 764 366 802 bus.
428 766 528 803 Inde
558 767 629 804 has
660 765 804 803 litteras
835 764 1023 815 postridie
1054 773 1145 804 ante
1177 767 1306 804 lucem
1333 766 1437 805 dedi.
1498 768 1613 805 Haec

282 829 444 879 Capuae
473 831 569 867 dum
600 830 654 868 fui
684 830 863 879 cognovi,
895 830 991 867 nihil
1026 830 1066 868 in
1100 830 1340 878 consulibus,
1373 832 1525 869 nullum
1555 845 1615 869 us-

280 906 399 943 quam
432 895 632 933 dilectum.
712 897 798 934 Nec
829 895 935 933 enim
970 895 1257 945 conquisitores
1292 900 1615 947 φαινοπροσωπεῖν
1635 916 1674 939 10

279 960 429 997 audent
459 973 550 997 cum
580 960 644 998 ille
673 960 785 1007 adsit,
818 969 1034 1010 contraque
1064 969 1196 999 noster
1225 962 1304 999 dux
1329 975 1524 1011 nusquam
1552 961 1611 1009 sit,

279 1024 378 1062 nihil
409 1033 508 1074 agat,
541 1039 614 1064 nec
646 1026 808 1064 nomina
842 1027 947 1064 dant.
1010 1026 1155 1064 Deficit
1184 1026 1290 1064 enim
1321 1040 1403 1064 non
1432 1028 1613 1066 voluntas

280 1091 350 1128 sed
367 1104 466 1140 spes.
527 1092 687 1129 Gnaeus
708 1099 840 1130 autem
862 1099 996 1130 noster
1015 1091 1058 1141 (o
1079 1105 1161 1129 rem
1190 1091 1371 1130 miseram
1392 1099 1430 1130 et
1450 1091 1614 1130 incredi-

280 1154 401 1193 bilem
419 1154 444 1206 ἕ)
475 1163 516 1194 ut
546 1164 651 1194 totus
680 1156 803 1195 iacet!
863 1158 956 1194 Non
990 1156 1145 1194 animus
1178 1164 1249 1204 est,
1279 1170 1359 1194 non
1390 1156 1612 1205 consilium,

280 1233 362 1258 non
397 1220 545 1271 copiae,
579 1235 660 1260 non
692 1221 903 1271 diligentia.
965 1221 1123 1260 Mittam
1157 1221 1235 1269 illa,
1269 1222 1400 1271 fugam
1433 1222 1485 1259 ab
1517 1222 1612 1260 urbe
1635 1234 1672 1266 15

280 1284 557 1335 turpissimam,
573 1286 839 1324 timidissimas
860 1287 900 1324 in
921 1286 1077 1337 oppidis
1094 1286 1310 1333 contiones,
1327 1285 1612 1336 ignorationem

280 1362 362 1387 non
383 1351 510 1387 solum
531 1350 725 1388 adversari
742 1352 811 1388 sed
833 1350 951 1389 etiam
973 1365 1130 1389 suarum
1147 1351 1349 1401 copiarum
1367 1366 1375 1398 ;
1405 1352 1481 1390 hoc
1501 1350 1612 1390 cuius

237 1427 262 1454 2
281 1414 389 1452 modi
420 1417 507 1453 est?
536 1427 592 1452 V11
626 1417 722 1453 Idus
754 1415 866 1453 Febr.
890 1416 1070 1465 Capuam
1101 1417 1145 1455 C.
1171 1415 1332 1455 Cassius
1353 1416 1532 1455 tribunus
1558 1418 1609 1467 pl.

279 1479 396 1527 venit,
430 1480 571 1518 adtulit
607 1482 792 1518 mandata
829 1482 879 1519 ad
915 1483 1097 1520 consules
1136 1489 1179 1519 ut
1215 1483 1385 1520 Romam
1420 1481 1608 1529 venirent,

278 1544 488 1594 pecuniam
527 1547 577 1583 de
616 1545 808 1584 sanctiore
846 1547 994 1585 aerario
1032 1548 1237 1593 auferrent,
1279 1547 1409 1585 statim
1449 1546 1607 1585 exirent.
1632 1559 1672 1581 20

277 1610 385 1647 Vrbe
413 1609 546 1648 relicta
575 1611 760 1657 redeant3
790 1624 870 1660 quo
901 1611 1125 1661 praesidio?
1154 1611 1300 1650 deinde
1329 1619 1492 1659 exeant3
1522 1611 1610 1661 quis

277 1674 408 1712 sinat?
465 1676 615 1713 Consul
641 1675 676 1713 ei
703 1675 897 1725 rescripsit
926 1684 967 1714 ut
994 1676 1099 1726 prius
1125 1676 1207 1725 ipse
1234 1675 1272 1713 in
1296 1675 1498 1714 Picenum.
1556 1678 1610 1714 At

277 1739 373 1777 illud
408 1747 533 1778 totum
567 1747 647 1778 erat
680 1740 893 1788 amissum;
942 1741 1091 1779 sciebat
1123 1754 1241 1779 nemo
1275 1749 1426 1790 praeter
1465 1754 1528 1779 me
1562 1755 1609 1779 ex

277 1804 413 1842 litteris
444 1806 686 1843 Dolabellae.
749 1805 850 1843 Mihi
881 1806 1047 1844 dubium
1083 1820 1164 1844 non
1199 1813 1279 1844 erat
1310 1805 1405 1855 quin
1436 1805 1500 1845 ille
1530 1806 1608 1844 iam

277 1869 434 1919 iamque
455 1871 553 1908 soret
575 1870 613 1907 in
635 1870 789 1919 Apulia,
815 1872 975 1909 Gnaeus
996 1878 1128 1909 noster
1149 1870 1188 1908 in
1210 1870 1309 1908 navi.
1631 1884 1668 1916 25

232 1947 256 1983 3
333 1937 416 1984 Ego
438 1934 532 1984 quid
556 1949 669 1985 agam
689 1937 840 1985 σκέμμα
861 1950 1235 1985 ῐηῑῑξζηωῃῳηεςμε
1257 1950 1320 1974 me
1336 1937 1494 1974 hercule
1511 1936 1607 1974 mihi

276 1999 436 2048 quidem
459 2001 592 2047 ullum,
616 2000 690 2037 nisi
712 2001 846 2038 omnia
866 2008 997 2039 essent
1016 2009 1104 2039 acta
1125 2001 1359 2051 turpissime,
1382 2014 1512 2050 neque
1533 2014 1606 2050 ego

275 2064 389 2101 ullius
410 2064 549 2102 consili
577 2065 898 2115 particeps—sed
927 2073 1058 2104 tamen
1087 2067 1195 2115 quod
1217 2080 1280 2104 me
1304 2067 1453 2104 deceat.
1515 2067 1605 2115 Ipse

273 2142 336 2166 me
376 2130 521 2168 Caesar
553 2131 604 2168 ad
643 2143 781 2179 pacem
821 2132 1021 2178 hortatur3
1069 2132 1139 2168 sed
1177 2130 1417 2180 antiquiores
1456 2130 1604 2169 litterae

273 2207 390 2243 quam
416 2208 525 2233 ruere
556 2195 698 2245 coepit.
759 2196 977 2243 Dolabella,
1006 2195 1164 2235 Caelius
1192 2209 1255 2233 me
1283 2195 1337 2232 illi
1367 2197 1480 2234 valde
1511 2195 1603 2234 satis
1625 2208 1666 2240 30

315 2309 334 2337 3
361 2299 452 2329 Istim
471 2299 590 2330 Lamb.
609 2311 614 2329 :
641 2301 739 2329 istum
752 2299 817 2331 Ml:
839 2301 938 2330 istinc
957 2298 1012 2330 M²
1102 2311 1123 2338 9
1148 2299 1242 2329 nihili
1261 2300 1417 2330 consules
1434 2300 1521 2330 Reid
1534 2300 1599 2331 coll.

272 2352 323 2372 20.
346 2352 357 2370 1
469 2353 504 2381 14
531 2347 604 2373 aule
619 2349 669 2373 est
687 2343 764 2375 add.
783 2345 814 2374 ei
832 2344 961 2382 vaser
1066 2345 1108 2373 26
1134 2343 1207 2382 Ego
1224 2344 1303 2382 quid
1323 2344 1444 2381 agam?
1472 2342 1602 2381 Σκέμμα

271 2396 439 2426 magnum,
456 2397 567 2426 neque
581 2410 587 2417 .
602 2411 608 2417 .
625 2411 631 2417 .
645 2388 816 2427 particeps
830 2399 838 2426 3
863 2388 924 2418 sed
936 2388 980 2417 ιἸιι
998 2387 1196 2427 interpunxit
1207 2388 1295 2428 vulg.
1345 2387 1416 2417 Nos
1432 2390 1469 2417 ut
1484 2387 1605 2426 Zyrrell
