1817 2832
671 121 782 159 EPP.
815 121 892 158 AD
921 119 1181 159 ATTICVM
1524 118 1593 155 VI.
1616 118 1661 154 vi

257 230 416 272 Coelius
437 243 518 270 non
539 230 630 270 dico
646 230 830 281 equidem
854 231 984 281 ‘quod
1005 228 1201 280 egerit—,'
1223 229 1292 268 sed
1309 235 1440 267 tamen
1457 229 1582 266 multo

256 296 385 335 minus
414 297 561 335 laboro.
620 297 738 334 Adde
767 296 874 334 illud.
934 294 1160 344 Pompeius,
1189 307 1237 332 eo
1271 294 1410 332 robore
1440 293 1506 340 vir,
1537 292 1582 330 iis

255 361 463 408 radicibus,
488 363 536 410 Q.
562 360 741 400 Cassium
764 360 847 398 sine
868 367 970 398 sorte
994 358 1149 408 delegit,
1173 359 1317 398 Caesar
1338 358 1582 405 Antonium,

256 439 329 476 ego
363 434 465 465 sorte
499 427 635 464 datum
670 426 923 472 offenderem,
954 432 996 462 ut
1026 423 1143 462 etiam
1178 423 1389 473 inquireret
1419 423 1457 460 in
1491 436 1580 461 eum

219 504 235 537 5
257 504 375 541 quern
396 491 668 541 reliquissem?
707 491 799 527 Hoc
821 489 969 535 melius,
993 495 1030 526 et
1051 487 1166 525 huius
1187 487 1241 525 rei
1262 488 1371 537 plura
1391 488 1578 536 exempla,

257 555 449 594 senectuti
469 554 630 604 quidem
647 562 802 592 nostrae
822 554 1001 602 profecto
1021 551 1160 601 aptius.
1220 554 1273 590 At
1294 558 1331 589 te
1351 552 1456 601 apud
1477 564 1579 598 eum,

257 621 296 659 di
318 620 423 668 boni,
448 628 595 670 quanta
615 619 654 658 in
681 619 801 669 gratia
827 618 965 668 posui!
996 617 1110 667 eique
1132 616 1206 667 legi
1227 616 1371 655 litteras
1399 629 1479 655 non
1497 623 1582 654 tuas

258 687 327 724 sed
347 685 475 724 librari
497 685 563 724 tui.

311 749 540 788 Amicorum
562 749 710 788 litterae
727 763 789 788 me
809 750 859 787 ad
881 747 1123 797 triumphum
1138 752 1292 793 vocant,
1311 759 1390 784 rem
1412 759 1434 784 a
1454 745 1582 793 nobis,

202 828 241 851 10
259 823 301 853 ut
335 828 407 865 ego
441 814 614 861 arbitror,
646 822 803 864 propter
836 815 938 851 hanc
969 812 1262 864 παλιγγενεσίαν
1294 818 1467 849 nostram
1502 824 1583 849 non

259 880 553 929 neglegendam.
596 881 685 927 Qua
706 893 745 917 re
766 886 807 916 tu
828 891 999 927 quoque,
1014 876 1068 915 mi
1083 876 1224 924 Attice,
1241 875 1370 926 incipe
1386 874 1425 914 id
1443 888 1583 925 cupere

258 958 338 995 quo
358 957 430 983 nos
452 944 579 982 minus
601 943 722 994 inepti
742 943 952 982 videamur.

301 1062 392 1096 VII
556 1063 623 1095 Scr.
650 1063 746 1094 Tarsi
757 1066 833 1093 ante
847 1063 884 1093 iii
896 1062 940 1093 K.
958 1061 1047 1093 Sext.
1067 1072 1097 1093 α.
1117 1070 1177 1102 704
1198 1060 1279 1103 (50).

663 1140 837 1171 CICERO
865 1140 898 1170 A
910 1139 1046 1170 TTJCO
1072 1137 1178 1169 SAL.

202 1238 239 1269 15
314 1218 486 1267 Quintus
503 1217 603 1256 filius
625 1217 688 1268 pie
708 1231 812 1264 sane,
831 1230 894 1255 me
909 1216 1070 1266 quidem
1085 1222 1188 1254 certe
1206 1216 1372 1253 multum
1389 1215 1580 1260 hortante,
1602 1225 1617 1251 1

259 1285 329 1322 sed
350 1291 569 1322 currentem
598 1282 774 1320 animum
804 1281 922 1332 patris
950 1280 1008 1319 sui
1038 1280 1159 1318 sorori
1189 1287 1279 1318 tuae
1306 1278 1580 1317 reconciliavit.

261 1350 364 1386 Eum
385 1349 498 1386 valde
519 1355 608 1385 tuae
628 1346 777 1385 litterae
797 1345 1022 1384 excitarunt.
1075 1343 1184 1392 Quid
1211 1343 1393 1393 quaeris?
1424 1343 1584 1381 confido

260 1427 341 1451 rem
362 1421 404 1451 ut
424 1414 604 1451 volumus
625 1425 719 1450 esse.

315 1478 382 1516 Bis
402 1479 452 1516 ad
480 1486 517 1516 te
541 1485 656 1516 antea
682 1475 817 1526 scripsi
843 1477 893 1514 de
920 1488 960 1513 re
986 1487 1075 1512 mea
1100 1473 1288 1520 familiari,
1312 1472 1342 1510 si
1364 1473 1485 1511 modo
1514 1471 1584 1511 tibi

203 1559 241 1581 20
260 1543 436 1582 redditae
457 1543 606 1581 litterae
627 1549 727 1587 sunt,
752 1542 901 1579 Graece
923 1543 960 1578 ἐν
979 1541 1169 1592 αἰνιγμοῖς.
1228 1537 1383 1576 Scilicet
1410 1536 1506 1574 nihil
1528 1544 1585 1575 est

260 1609 526 1655 movendum,
555 1608 625 1645 sed
655 1613 786 1644 tamen
816 1608 965 1653 ἀφελῶς
992 1604 1262 1654 percontando
1289 1604 1332 1640 de
1358 1601 1585 1640 nominibus

261 1672 423 1711 Milonis
453 1681 491 1710 et
520 1679 563 1710 ut
589 1670 770 1721 expediat
799 1677 841 1708 ut
871 1669 967 1708 mihi
997 1667 1184 1718 receperit
1213 1668 1409 1705 hortando
1438 1665 1586 1716 aliquid

259 1742 376 1779 †aut†
396 1737 586 1787 proficies.

315 1805 400 1853 Ego
430 1802 651 1841 Laodiceae
681 1808 928 1852 quaestorem
960 1797 1199 1837 Mescinium
1229 1803 1452 1846 exspectare
1480 1793 1583 1841 iussi,
1605 1807 1629 1834 2

204 1883 240 1914 25
261 1875 303 1905 ut
330 1869 528 1906 confectas
556 1866 725 1904 rationes
745 1868 830 1915 lege
852 1865 953 1903 Iulia
979 1864 1085 1914 apud
1113 1864 1210 1901 duas
1232 1860 1406 1899 civitates
1428 1873 1585 1910 possem

261 1932 489 1982 relinquere.
568 1933 757 1970 Rhodum
791 1932 880 1968 volo
919 1941 1128 1979 puerorum
1167 1939 1294 1972 causa,
1336 1925 1429 1963 inde
1468 1937 1586 1974 quam

261 1996 431 2047 primum
470 1996 660 2042 Athenas,
700 1994 772 2032 etsi
817 1993 960 2033 etesiae
998 1993 1111 2030 valde
1150 1992 1312 2038 reflant5
1360 1990 1430 2028 sed
1471 1991 1586 2039 plane

309 2109 322 2129 1
350 2099 459 2138 ‘quod
486 2097 648 2137 egerit—⁷
667 2094 809 2127 NOPM
832 2094 867 2134 (f.
899 2093 1079 2123 Lehmann
1096 2091 1205 2123 ‘Am’
1226 2098 1284 2133 pp.
1312 2101 1416 2130 197-9
1441 2094 1470 2120 et
1487 2092 1583 2124 Fam.

262 2143 331 2173 xvi.
363 2153 415 2180 24.
444 2153 472 2175 2.
503 2141 574 2172 Att.
593 2152 645 2172 xv.
670 2150 718 2179 13.
740 2150 771 2178 3,
806 2138 895 2169 Tusc.
920 2139 964 2169 iii.
995 2147 1062 2175 50:
1094 2135 1191 2173 nihil,
1219 2137 1299 2174 quid
1317 2136 1426 2174 egerit
1451 2135 1591 2175 Madvig

262 2187 282 2216 8
307 2187 371 2227 tui]
386 2185 468 2224 soii.
483 2185 548 2215 mei
672 2193 709 2222 14
734 2181 905 2212 ATTICO
925 2181 1022 2211 SAL.
1040 2179 1116 2210 add.
1130 2179 1226 2210 Man.
1365 2189 1401 2217 17
1420 2184 1495 2209 tuae
1510 2178 1585 2209 M¹:

264 2240 316 2259 me
342 2234 419 2259 tuae
437 2228 510 2257 M²:
546 2227 645 2257 etiam
670 2231 749 2256 tuae
774 2224 890 2255 ‹odices
913 2223 1117 2263 Malaspinae
1268 2232 1308 2252 21
1335 2222 1376 2253 de
1400 2221 1475 2252 add.
1496 2222 1583 2262 vulg.

264 2283 305 2303 22
326 2271 453 2311 recepit
467 2271 554 2310 vulg.
646 2280 686 2308 23
704 2268 776 2309 aut]
789 2273 823 2299 tu
836 2267 924 2307 vulg.
935 2279 941 2296 ι
954 2267 1034 2304 sort.
1049 2271 1105 2297 aut
1117 2264 1244 2296 valebis
1259 2270 1315 2296 aut
1326 2265 1375 2296 vel
1395 2265 1499 2296 simile
1510 2264 1592 2305 quid

263 2326 303 2354 24
331 2316 412 2345 iussi
438 2313 580 2345 Lamb.:
609 2314 679 2343 misi
705 2312 777 2344 M¹:
809 2312 901 2342 missi
929 2305 969 2340 Ζί
1146 2320 1186 2349 25
1216 2321 1346 2349 possem
1382 2310 1590 2350 lVesenbetgz

263 2359 388 2398 possim
407 2357 448 2386 M
577 2367 616 2396 27
644 2357 725 2396 etsi]
751 2360 784 2386 et
810 2356 851 2386 ad
875 2354 990 2385 urbem
1015 2354 1078 2384 nisi
1101 2353 1298 2384 Lehmann:
1320 2354 1414 2393 fort„
1435 2353 1532 2384 velet
1548 2353 1592 2385 ad

263 2402 380 2433 urbem
398 2401 518 2442 addito,
539 2400 742 2432 retinendum
760 2402 805 2431 est
821 2398 885 2430 etsi
977 2398 1076 2438 plane
1094 2400 1118 2430 Σ
1135 2399 1167 2429 A
1174 2400 1219 2429 nt.
1241 2397 1274 2428 F
1298 2409 1305 2429 ε
1334 2407 1398 2429 om.
1418 2401 1447 2427 Δ
