<?xml version="1.0" encoding="UTF-8"?>
<!DOCTYPE html PUBLIC "-//W3C//DTD XHTML 1.0 Transitional//EN"
    "http://www.w3.org/TR/xhtml1/DTD/xhtml1-transitional.dtd">
<html xmlns="http://www.w3.org/1999/xhtml" xml:lang="en" lang="en">
 <head>
  <title>
</title>
<meta http-equiv="Content-Type" content="text/html;charset=utf-8" />
  <meta name='ocr-system' content='tesseract 3.04.00' />
  <meta name='ocr-capabilities' content='ocr_page ocr_carea ocr_par ocr_line ocrx_word'/>
</head>
<body>
  <div class='ocr_page' id='page_1' title='image "./epistulaerecogno0201ciceuoft_0218.png"; bbox 0 0 1817 2832; ppageno 0'>
   <div class='ocr_carea' id='block_1_1' title="bbox 188 144 1232 187">
    <p class='ocr_par' dir='ltr' id='par_1_1' title="bbox 188 144 1232 187">
     <span class='ocr_line' id='line_1_1' title="bbox 188 144 1232 187; baseline -0.002 -1"><span class='ocrx_word' id='word_1_1' title='bbox 188 149 257 186; x_wconf 90' lang='lat' dir='ltr'>VI.</span> <span class='ocrx_word' id='word_1_2' title='bbox 281 148 327 187; x_wconf 92' lang='lat' dir='ltr'>vi</span> <span class='ocrx_word' id='word_1_3' title='bbox 635 147 692 185; x_wconf 89' lang='lat' dir='ltr'>M.</span> <span class='ocrx_word' id='word_1_4' title='bbox 724 146 893 185; x_wconf 89' lang='lat' dir='ltr'>TVLLI</span> <span class='ocrx_word' id='word_1_5' title='bbox 925 144 1232 186; x_wconf 89' lang='lat' dir='ltr'>CICERONIS</span> 
     </span>
    </p>
   </div>
   <div class='ocr_carea' id='block_1_2' title="bbox 216 256 1654 2324">
    <p class='ocr_par' dir='ltr' id='par_1_2' title="bbox 260 256 1596 501">
     <span class='ocr_line' id='line_1_2' title="bbox 263 256 1594 308; baseline -0.001 -11"><span class='ocrx_word' id='word_1_6' title='bbox 263 260 456 306; x_wconf 79' lang='lat' dir='ltr'><strong>miseram,</strong></span> <span class='ocrx_word' id='word_1_7' title='bbox 493 258 561 308; x_wconf 87' lang='lat' dir='ltr'>qui</span> <span class='ocrx_word' id='word_1_8' title='bbox 594 259 766 296; x_wconf 84' lang='lat' dir='ltr'>Romam</span> <span class='ocrx_word' id='word_1_9' title='bbox 805 264 997 296; x_wconf 88' lang='lat' dir='ltr'>venerunt</span> <span class='ocrx_word' id='word_1_10' title='bbox 1036 256 1147 295; x_wconf 92' lang='lat' dir='ltr'>factis</span> <span class='ocrx_word' id='word_1_11' title='bbox 1186 256 1445 307; x_wconf 82' lang='lat' dir='ltr'>sponsalibus.</span> <span class='ocrx_word' id='word_1_12' title='bbox 1516 257 1594 296; x_wconf 86' lang='lat' dir='ltr'>Sed</span> 
     </span>
     <span class='ocr_line' id='line_1_3' title="bbox 261 321 1596 375; baseline -0.001 -13"><span class='ocrx_word' id='word_1_13' title='bbox 261 326 337 364; x_wconf 88' lang='lat' dir='ltr'>hoc</span> <span class='ocrx_word' id='word_1_14' title='bbox 369 337 483 375; x_wconf 88' lang='lat' dir='ltr'>spero</span> <span class='ocrx_word' id='word_1_15' title='bbox 513 322 653 362; x_wconf 90' lang='lat' dir='ltr'>melius</span> <span class='ocrx_word' id='word_1_16' title='bbox 668 337 679 372; x_wconf 78' lang='lat'><em>3</em></span> <span class='ocrx_word' id='word_1_17' title='bbox 717 321 899 361; x_wconf 88' lang='lat' dir='ltr'>mulieres</span> <span class='ocrx_word' id='word_1_18' title='bbox 934 321 1096 372; x_wconf 88' lang='lat' dir='ltr'>quidem</span> <span class='ocrx_word' id='word_1_19' title='bbox 1129 322 1243 361; x_wconf 87' lang='lat' dir='ltr'>valde</span> <span class='ocrx_word' id='word_1_20' title='bbox 1277 321 1460 373; x_wconf 81' lang='lat' dir='ltr'><strong>intellego</strong></span> <span class='ocrx_word' id='word_1_21' title='bbox 1492 322 1596 360; x_wconf 90' lang='lat' dir='ltr'>dele-</span> 
     </span>
     <span class='ocr_line' id='line_1_4' title="bbox 260 386 1593 439; baseline -0.002 -12"><span class='ocrx_word' id='word_1_22' title='bbox 260 389 355 428; x_wconf 88' lang='lat' dir='ltr'>ctari</span> <span class='ocrx_word' id='word_1_23' title='bbox 389 388 584 439; x_wconf 87' lang='lat' dir='ltr'>obsequio</span> <span class='ocrx_word' id='word_1_24' title='bbox 619 395 658 427; x_wconf 87' lang='lat' dir='ltr'>et</span> <span class='ocrx_word' id='word_1_25' title='bbox 689 386 876 427; x_wconf 88' lang='lat' dir='ltr'>comitate</span> <span class='ocrx_word' id='word_1_26' title='bbox 909 386 1186 426; x_wconf 88' lang='lat' dir='ltr'>adulescentis.</span> <span class='ocrx_word' id='word_1_27' title='bbox 1246 387 1389 426; x_wconf 88' lang='lat' dir='ltr'>Cetera</span> <span class='ocrx_word' id='word_1_28' title='bbox 1422 386 1502 425; x_wconf 90' lang='lat' dir='ltr'>noli</span> <span class='ocrx_word' id='word_1_29' title='bbox 1537 387 1593 433; x_wconf 80' lang='grc' dir='ltr'>ἐξ·</span> 
     </span>
     <span class='ocr_line' id='line_1_5' title="bbox 260 455 477 501; baseline 0.005 -8"><span class='ocrx_word' id='word_1_30' title='bbox 260 455 477 501; x_wconf 80' lang='grc' dir='ltr'>ακανθίζειν.</span> 
     </span>
    </p>

    <p class='ocr_par' dir='ltr' id='par_1_3' title="bbox 216 516 1654 950">
     <span class='ocr_line' id='line_1_6' title="bbox 216 516 1630 569; baseline -0.004 -7"><span class='ocrx_word' id='word_1_31' title='bbox 216 534 240 562; x_wconf 86' lang='lat'><em>2</em></span> <span class='ocrx_word' id='word_1_32' title='bbox 315 521 393 558; x_wconf 85' lang='lat' dir='ltr'>Sed</span> <span class='ocrx_word' id='word_1_33' title='bbox 421 521 518 558; x_wconf 90' lang='lat' dir='ltr'>heus</span> <span class='ocrx_word' id='word_1_34' title='bbox 545 521 611 558; x_wconf 79' lang='lat' dir='ltr'>tu!</span> <span class='ocrx_word' id='word_1_35' title='bbox 641 518 777 569; x_wconf 78' lang='grc' dir='ltr'>πυροὺς</span> <span class='ocrx_word' id='word_1_36' title='bbox 798 521 846 560; x_wconf 82' lang='grc' dir='ltr'>εἷς</span> <span class='ocrx_word' id='word_1_37' title='bbox 872 519 989 569; x_wconf 85' lang='grc' dir='ltr'>δῆμον</span> <span class='ocrx_word' id='word_1_38' title='bbox 1009 516 1207 556; x_wconf 78' lang='lat' dir='ltr'>Athenis?</span> <span class='ocrx_word' id='word_1_39' title='bbox 1241 518 1369 568; x_wconf 86' lang='lat' dir='ltr'>placet</span> <span class='ocrx_word' id='word_1_40' title='bbox 1393 517 1470 555; x_wconf 91' lang='lat' dir='ltr'>hoc</span> <span class='ocrx_word' id='word_1_41' title='bbox 1494 516 1595 557; x_wconf 93' lang='lat' dir='ltr'>tibi?</span> <span class='ocrx_word' id='word_1_42' title='bbox 1614 530 1630 563; x_wconf 89' lang='lat'>5</span> 
     </span>
     <span class='ocr_line' id='line_1_7' title="bbox 260 581 1594 635; baseline -0.003 -12"><span class='ocrx_word' id='word_1_43' title='bbox 260 584 344 623; x_wconf 91' lang='lat' dir='ltr'>Etsi</span> <span class='ocrx_word' id='word_1_44' title='bbox 384 598 464 623; x_wconf 90' lang='lat' dir='ltr'>non</span> <span class='ocrx_word' id='word_1_45' title='bbox 504 584 777 635; x_wconf 77' lang='lat' dir='ltr'>impediebant</span> <span class='ocrx_word' id='word_1_46' title='bbox 816 584 893 623; x_wconf 92' lang='lat' dir='ltr'>mei</span> <span class='ocrx_word' id='word_1_47' title='bbox 932 591 1036 622; x_wconf 92' lang='lat' dir='ltr'>certe</span> <span class='ocrx_word' id='word_1_48' title='bbox 1074 582 1172 621; x_wconf 87' lang='lat' dir='ltr'>libri.</span> <span class='ocrx_word' id='word_1_49' title='bbox 1244 584 1338 620; x_wconf 88' lang='lat' dir='ltr'>Non</span> <span class='ocrx_word' id='word_1_50' title='bbox 1377 581 1483 620; x_wconf 90' lang='lat' dir='ltr'>enim</span> <span class='ocrx_word' id='word_1_51' title='bbox 1522 581 1594 620; x_wconf 86' lang='lat' dir='ltr'>ista</span> 
     </span>
     <span class='ocr_line' id='line_1_8' title="bbox 258 647 1594 701; baseline -0.002 -13"><span class='ocrx_word' id='word_1_52' title='bbox 258 649 410 701; x_wconf 84' lang='lat' dir='ltr'>largitio</span> <span class='ocrx_word' id='word_1_53' title='bbox 431 649 502 688; x_wconf 90' lang='lat' dir='ltr'>fuit</span> <span class='ocrx_word' id='word_1_54' title='bbox 523 649 563 688; x_wconf 93' lang='lat' dir='ltr'>in</span> <span class='ocrx_word' id='word_1_55' title='bbox 590 649 684 688; x_wconf 90' lang='lat' dir='ltr'>civis</span> <span class='ocrx_word' id='word_1_56' title='bbox 715 651 785 689; x_wconf 89' lang='lat' dir='ltr'>sed</span> <span class='ocrx_word' id='word_1_57' title='bbox 815 649 855 687; x_wconf 92' lang='lat' dir='ltr'>in</span> <span class='ocrx_word' id='word_1_58' title='bbox 886 649 1061 699; x_wconf 78' lang='lat' dir='ltr'>hospites</span> <span class='ocrx_word' id='word_1_59' title='bbox 1088 647 1308 686; x_wconf 82' lang='lat' dir='ltr'>liberalitas.</span> <span class='ocrx_word' id='word_1_60' title='bbox 1370 649 1440 686; x_wconf 91' lang='lat' dir='ltr'>Me</span> <span class='ocrx_word' id='word_1_61' title='bbox 1461 654 1594 685; x_wconf 89' lang='lat' dir='ltr'>tamen</span> 
     </span>
     <span class='ocr_line' id='line_1_9' title="bbox 259 712 1594 767; baseline -0.001 -13"><span class='ocrx_word' id='word_1_62' title='bbox 259 717 308 754; x_wconf 93' lang='lat' dir='ltr'>de</span> <span class='ocrx_word' id='word_1_63' title='bbox 331 715 572 754; x_wconf 78' lang='lat' dir='ltr'>Academiae</span> <span class='ocrx_word' id='word_1_64' title='bbox 592 717 771 767; x_wconf 74' lang='grc' dir='ltr'>προπύλῳ</span> <span class='ocrx_word' id='word_1_65' title='bbox 799 714 911 753; x_wconf 89' lang='lat' dir='ltr'>iubes</span> <span class='ocrx_word' id='word_1_66' title='bbox 932 713 1113 763; x_wconf 85' lang='lat' dir='ltr'>cogitare,</span> <span class='ocrx_word' id='word_1_67' title='bbox 1137 726 1228 752; x_wconf 89' lang='lat' dir='ltr'>cum</span> <span class='ocrx_word' id='word_1_68' title='bbox 1256 713 1334 751; x_wconf 91' lang='lat' dir='ltr'>iarn</span> <span class='ocrx_word' id='word_1_69' title='bbox 1363 712 1514 763; x_wconf 89' lang='lat' dir='ltr'>Appius</span> <span class='ocrx_word' id='word_1_70' title='bbox 1543 714 1594 752; x_wconf 91' lang='lat' dir='ltr'>de</span> 
     </span>
     <span class='ocr_line' id='line_1_10' title="bbox 261 777 1594 831; baseline -0.002 -12"><span class='ocrx_word' id='word_1_71' title='bbox 261 781 446 819; x_wconf 84' lang='lat' dir='ltr'>Eleusine</span> <span class='ocrx_word' id='word_1_72' title='bbox 468 795 548 819; x_wconf 93' lang='lat' dir='ltr'>non</span> <span class='ocrx_word' id='word_1_73' title='bbox 575 780 750 831; x_wconf 84' lang='lat' dir='ltr'>cogitet?</span> <span class='ocrx_word' id='word_1_74' title='bbox 809 782 870 819; x_wconf 91' lang='lat' dir='ltr'>De</span> <span class='ocrx_word' id='word_1_75' title='bbox 897 779 1115 818; x_wconf 91' lang='lat' dir='ltr'>Hortensio</span> <span class='ocrx_word' id='word_1_76' title='bbox 1137 786 1174 817; x_wconf 90' lang='lat' dir='ltr'>te</span> <span class='ocrx_word' id='word_1_77' title='bbox 1198 786 1305 817; x_wconf 90' lang='lat' dir='ltr'>certo</span> <span class='ocrx_word' id='word_1_78' title='bbox 1332 777 1413 816; x_wconf 92' lang='lat' dir='ltr'>scio</span> <span class='ocrx_word' id='word_1_79' title='bbox 1435 779 1594 826; x_wconf 78' lang='lat' dir='ltr'>dolere3</span> 
     </span>
     <span class='ocr_line' id='line_1_11' title="bbox 259 843 1654 896; baseline -0.001 -12"><span class='ocrx_word' id='word_1_80' title='bbox 259 846 446 896; x_wconf 85' lang='lat' dir='ltr'>equidem</span> <span class='ocrx_word' id='word_1_81' title='bbox 467 846 667 884; x_wconf 83' lang='lat' dir='ltr'>excrucior</span> <span class='ocrx_word' id='word_1_82' title='bbox 681 861 692 894; x_wconf 77' lang='lat'><em>3</em></span> <span class='ocrx_word' id='word_1_83' title='bbox 721 847 922 885; x_wconf 89' lang='lat' dir='ltr'>decreram</span> <span class='ocrx_word' id='word_1_84' title='bbox 949 844 1055 884; x_wconf 90' lang='lat' dir='ltr'>enim</span> <span class='ocrx_word' id='word_1_85' title='bbox 1076 857 1167 883; x_wconf 90' lang='lat' dir='ltr'>cum</span> <span class='ocrx_word' id='word_1_86' title='bbox 1191 857 1239 882; x_wconf 90' lang='lat' dir='ltr'>eo</span> <span class='ocrx_word' id='word_1_87' title='bbox 1259 844 1373 882; x_wconf 88' lang='lat' dir='ltr'>valde</span> <span class='ocrx_word' id='word_1_88' title='bbox 1400 843 1593 882; x_wconf 86' lang='lat' dir='ltr'>familiari-</span> <span class='ocrx_word' id='word_1_89' title='bbox 1615 858 1654 882; x_wconf 90' lang='lat'>10</span> 
     </span>
     <span class='ocr_line' id='line_1_12' title="bbox 259 911 473 950; baseline 0 -1"><span class='ocrx_word' id='word_1_90' title='bbox 259 919 316 949; x_wconf 90' lang='lat' dir='ltr'>ter</span> <span class='ocrx_word' id='word_1_91' title='bbox 336 911 473 950; x_wconf 86' lang='lat' dir='ltr'>vivere.</span> 
     </span>
    </p>

    <p class='ocr_par' dir='ltr' id='par_1_4' title="bbox 216 974 1653 2001">
     <span class='ocr_line' id='line_1_13' title="bbox 216 974 1590 1026; baseline -0.001 -11"><span class='ocrx_word' id='word_1_92' title='bbox 216 989 239 1026; x_wconf 85' lang='lat'><strong>3</strong></span> <span class='ocrx_word' id='word_1_93' title='bbox 315 978 399 1015; x_wconf 94' lang='lat' dir='ltr'>Nos</span> <span class='ocrx_word' id='word_1_94' title='bbox 422 975 644 1026; x_wconf 88' lang='lat' dir='ltr'>provinciae</span> <span class='ocrx_word' id='word_1_95' title='bbox 664 975 923 1026; x_wconf 86' lang='lat' dir='ltr'>praefecimus</span> <span class='ocrx_word' id='word_1_96' title='bbox 946 974 1138 1015; x_wconf 91' lang='lat' dir='ltr'>Coelium.</span> <span class='ocrx_word' id='word_1_97' title='bbox 1202 977 1415 1013; x_wconf 90' lang='lat' dir='ltr'>‘Puerum&#39;</span> <span class='ocrx_word' id='word_1_98' title='bbox 1436 975 1590 1026; x_wconf 86' lang='lat' dir='ltr'>inquies</span> 
     </span>
     <span class='ocr_line' id='line_1_14' title="bbox 262 1040 1590 1090; baseline -0.002 -9"><span class='ocrx_word' id='word_1_99' title='bbox 262 1047 322 1081; x_wconf 90' lang='lat' dir='ltr'>‘et</span> <span class='ocrx_word' id='word_1_100' title='bbox 353 1044 514 1081; x_wconf 92' lang='lat' dir='ltr'>fortasse</span> <span class='ocrx_word' id='word_1_101' title='bbox 544 1043 694 1080; x_wconf 88' lang='lat' dir='ltr'>fatuum</span> <span class='ocrx_word' id='word_1_102' title='bbox 727 1049 764 1080; x_wconf 88' lang='lat' dir='ltr'>et</span> <span class='ocrx_word' id='word_1_103' title='bbox 796 1054 878 1079; x_wconf 90' lang='lat' dir='ltr'>non</span> <span class='ocrx_word' id='word_1_104' title='bbox 908 1054 1065 1090; x_wconf 83' lang='lat' dir='ltr'>gravem</span> <span class='ocrx_word' id='word_1_105' title='bbox 1095 1048 1133 1078; x_wconf 89' lang='lat' dir='ltr'>et</span> <span class='ocrx_word' id='word_1_106' title='bbox 1163 1053 1243 1078; x_wconf 90' lang='lat' dir='ltr'>non</span> <span class='ocrx_word' id='word_1_107' title='bbox 1274 1040 1590 1079; x_wconf 70' lang='lat' dir='ltr'>continenteml&#39;</span> 
     </span>
     <span class='ocr_line' id='line_1_15' title="bbox 260 1105 1590 1156; baseline -0.001 -11"><span class='ocrx_word' id='word_1_108' title='bbox 260 1107 496 1153; x_wconf 87' lang='lat' dir='ltr'>Adsentior;</span> <span class='ocrx_word' id='word_1_109' title='bbox 527 1106 608 1144; x_wconf 86' lang='lat' dir='ltr'>fieri</span> <span class='ocrx_word' id='word_1_110' title='bbox 638 1119 719 1144; x_wconf 92' lang='lat' dir='ltr'>non</span> <span class='ocrx_word' id='word_1_111' title='bbox 748 1105 876 1156; x_wconf 90' lang='lat' dir='ltr'>potuit</span> <span class='ocrx_word' id='word_1_112' title='bbox 905 1105 1024 1143; x_wconf 89' lang='lat' dir='ltr'>aliter.</span> <span class='ocrx_word' id='word_1_113' title='bbox 1085 1106 1189 1143; x_wconf 90' lang='lat' dir='ltr'>Nam</span> <span class='ocrx_word' id='word_1_114' title='bbox 1219 1118 1316 1155; x_wconf 89' lang='lat' dir='ltr'>quas</span> <span class='ocrx_word' id='word_1_115' title='bbox 1346 1107 1470 1144; x_wconf 89' lang='lat' dir='ltr'>multo</span> <span class='ocrx_word' id='word_1_116' title='bbox 1499 1113 1590 1144; x_wconf 87' lang='lat' dir='ltr'>ante</span> 
     </span>
     <span class='ocr_line' id='line_1_16' title="bbox 260 1169 1649 1221; baseline -0.002 -11"><span class='ocrx_word' id='word_1_117' title='bbox 260 1180 346 1210; x_wconf 87' lang='lat' dir='ltr'>tuas</span> <span class='ocrx_word' id='word_1_118' title='bbox 367 1185 595 1221; x_wconf 89' lang='lat' dir='ltr'>acceperam</span> <span class='ocrx_word' id='word_1_119' title='bbox 623 1171 768 1209; x_wconf 86' lang='lat' dir='ltr'>litteras</span> <span class='ocrx_word' id='word_1_120' title='bbox 796 1170 835 1208; x_wconf 86' lang='lat' dir='ltr'>in</span> <span class='ocrx_word' id='word_1_121' title='bbox 863 1170 1008 1220; x_wconf 90' lang='lat' dir='ltr'>quibus</span> <span class='ocrx_word' id='word_1_122' title='bbox 1033 1171 1176 1221; x_wconf 73' lang='grc' dir='ltr'>ἐπέχειν</span> <span class='ocrx_word' id='word_1_123' title='bbox 1196 1177 1234 1208; x_wconf 93' lang='lat' dir='ltr'>te</span> <span class='ocrx_word' id='word_1_124' title='bbox 1261 1169 1467 1220; x_wconf 88' lang='lat' dir='ltr'>scripseras</span> <span class='ocrx_word' id='word_1_125' title='bbox 1494 1170 1591 1220; x_wconf 88' lang='lat' dir='ltr'>quid</span> <span class='ocrx_word' id='word_1_126' title='bbox 1613 1182 1649 1214; x_wconf 85' lang='lat'>15</span> 
     </span>
     <span class='ocr_line' id='line_1_17' title="bbox 261 1234 1592 1285; baseline -0.001 -10"><span class='ocrx_word' id='word_1_127' title='bbox 261 1244 363 1275; x_wconf 90' lang='lat' dir='ltr'>esset</span> <span class='ocrx_word' id='word_1_128' title='bbox 389 1236 485 1274; x_wconf 88' lang='lat' dir='ltr'>mihi</span> <span class='ocrx_word' id='word_1_129' title='bbox 515 1235 741 1274; x_wconf 88' lang='lat' dir='ltr'>faciendum</span> <span class='ocrx_word' id='word_1_130' title='bbox 771 1237 821 1274; x_wconf 91' lang='lat' dir='ltr'>de</span> <span class='ocrx_word' id='word_1_131' title='bbox 851 1234 1122 1285; x_wconf 85' lang='lat' dir='ltr'>relinquendo,</span> <span class='ocrx_word' id='word_1_132' title='bbox 1146 1248 1215 1273; x_wconf 89' lang='lat' dir='ltr'>eae</span> <span class='ocrx_word' id='word_1_133' title='bbox 1245 1248 1308 1273; x_wconf 89' lang='lat' dir='ltr'>me</span> <span class='ocrx_word' id='word_1_134' title='bbox 1338 1236 1566 1285; x_wconf 85' lang='lat' dir='ltr'>pungebant</span> <span class='ocrx_word' id='word_1_135' title='bbox 1583 1250 1592 1283; x_wconf 66' lang='grc' dir='ltr'><em>ς</em></span> 
     </span>
     <span class='ocr_line' id='line_1_18' title="bbox 260 1299 1592 1351; baseline 0 -12"><span class='ocrx_word' id='word_1_136' title='bbox 260 1301 444 1339; x_wconf 83' lang='lat' dir='ltr'>videbam</span> <span class='ocrx_word' id='word_1_137' title='bbox 483 1300 589 1339; x_wconf 91' lang='lat' dir='ltr'>enim</span> <span class='ocrx_word' id='word_1_138' title='bbox 628 1313 729 1350; x_wconf 90' lang='lat' dir='ltr'>quae</span> <span class='ocrx_word' id='word_1_139' title='bbox 768 1299 839 1337; x_wconf 88' lang='lat' dir='ltr'>tibi</span> <span class='ocrx_word' id='word_1_140' title='bbox 878 1307 1008 1338; x_wconf 87' lang='lat' dir='ltr'>essent</span> <span class='ocrx_word' id='word_1_141' title='bbox 1047 1303 1185 1351; x_wconf 82' lang='grc' dir='ltr'>ἐποχῆς</span> <span class='ocrx_word' id='word_1_142' title='bbox 1223 1313 1374 1346; x_wconf 84' lang='lat' dir='ltr'>causae,</span> <span class='ocrx_word' id='word_1_143' title='bbox 1411 1307 1449 1338; x_wconf 89' lang='lat' dir='ltr'>et</span> <span class='ocrx_word' id='word_1_144' title='bbox 1483 1308 1592 1339; x_wconf 90' lang='lat' dir='ltr'>erant</span> 
     </span>
     <span class='ocr_line' id='line_1_19' title="bbox 260 1365 1592 1405; baseline -0.001 -1"><span class='ocrx_word' id='word_1_145' title='bbox 260 1367 424 1405; x_wconf 87' lang='lat' dir='ltr'>eaedem</span> <span class='ocrx_word' id='word_1_146' title='bbox 455 1365 560 1403; x_wconf 86' lang='lat' dir='ltr'>mibi.</span> <span class='ocrx_word' id='word_1_147' title='bbox 623 1367 749 1403; x_wconf 90' lang='lat' dir='ltr'>Puero</span> <span class='ocrx_word' id='word_1_148' title='bbox 784 1366 965 1403; x_wconf 88' lang='lat' dir='ltr'>tradere?</span> <span class='ocrx_word' id='word_1_149' title='bbox 1007 1365 1111 1403; x_wconf 88' lang='lat' dir='ltr'>fratri</span> <span class='ocrx_word' id='word_1_150' title='bbox 1144 1367 1307 1403; x_wconf 86' lang='lat' dir='ltr'>autem?</span> <span class='ocrx_word' id='word_1_151' title='bbox 1372 1366 1476 1404; x_wconf 90' lang='lat' dir='ltr'>Illud</span> <span class='ocrx_word' id='word_1_152' title='bbox 1512 1379 1592 1404; x_wconf 90' lang='lat' dir='ltr'>non</span> 
     </span>
     <span class='ocr_line' id='line_1_20' title="bbox 260 1431 1592 1480; baseline 0.001 -11"><span class='ocrx_word' id='word_1_153' title='bbox 260 1431 354 1470; x_wconf 87' lang='lat' dir='ltr'>utile</span> <span class='ocrx_word' id='word_1_154' title='bbox 387 1431 511 1469; x_wconf 88' lang='lat' dir='ltr'>nobis.</span> <span class='ocrx_word' id='word_1_155' title='bbox 573 1431 677 1468; x_wconf 89' lang='lat' dir='ltr'>Nam</span> <span class='ocrx_word' id='word_1_156' title='bbox 712 1437 864 1480; x_wconf 88' lang='lat' dir='ltr'>praeter</span> <span class='ocrx_word' id='word_1_157' title='bbox 897 1431 1053 1468; x_wconf 87' lang='lat' dir='ltr'>fratrem</span> <span class='ocrx_word' id='word_1_158' title='bbox 1085 1443 1204 1469; x_wconf 91' lang='lat' dir='ltr'>nemo</span> <span class='ocrx_word' id='word_1_159' title='bbox 1236 1437 1316 1468; x_wconf 88' lang='lat' dir='ltr'>erat</span> <span class='ocrx_word' id='word_1_160' title='bbox 1355 1444 1473 1480; x_wconf 89' lang='lat' dir='ltr'>quem</span> <span class='ocrx_word' id='word_1_161' title='bbox 1508 1431 1592 1470; x_wconf 91' lang='lat' dir='ltr'>sine</span> 
     </span>
     <span class='ocr_line' id='line_1_21' title="bbox 260 1494 1653 1545; baseline 0.001 -11"><span class='ocrx_word' id='word_1_162' title='bbox 260 1496 500 1535; x_wconf 90' lang='lat' dir='ltr'>contumelia</span> <span class='ocrx_word' id='word_1_163' title='bbox 516 1495 723 1545; x_wconf 85' lang='lat' dir='ltr'>quaestori,</span> <span class='ocrx_word' id='word_1_164' title='bbox 743 1495 866 1533; x_wconf 93' lang='lat' dir='ltr'>nobili</span> <span class='ocrx_word' id='word_1_165' title='bbox 887 1494 1124 1545; x_wconf 84' lang='lat' dir='ltr'>praesertim,</span> <span class='ocrx_word' id='word_1_166' title='bbox 1140 1496 1383 1534; x_wconf 85' lang='lat' dir='ltr'>anteferrem.</span> <span class='ocrx_word' id='word_1_167' title='bbox 1424 1498 1589 1543; x_wconf 85' lang='lat' dir='ltr'>Tamen,</span> <span class='ocrx_word' id='word_1_168' title='bbox 1614 1513 1653 1535; x_wconf 91' lang='lat'>20</span> 
     </span>
     <span class='ocr_line' id='line_1_22' title="bbox 260 1559 1593 1611; baseline -0.002 -11"><span class='ocrx_word' id='word_1_169' title='bbox 260 1562 356 1600; x_wconf 87' lang='lat' dir='ltr'>dum</span> <span class='ocrx_word' id='word_1_170' title='bbox 383 1561 611 1611; x_wconf 87' lang='lat' dir='ltr'>impendere</span> <span class='ocrx_word' id='word_1_171' title='bbox 634 1560 766 1598; x_wconf 83' lang='lat' dir='ltr'>Parthi</span> <span class='ocrx_word' id='word_1_172' title='bbox 793 1559 1038 1606; x_wconf 89' lang='lat' dir='ltr'>videbantur,</span> <span class='ocrx_word' id='word_1_173' title='bbox 1063 1567 1274 1599; x_wconf 83' lang='lat' dir='ltr'>statueram</span> <span class='ocrx_word' id='word_1_174' title='bbox 1302 1562 1457 1599; x_wconf 87' lang='lat' dir='ltr'>fratrem</span> <span class='ocrx_word' id='word_1_175' title='bbox 1482 1561 1593 1600; x_wconf 89' lang='lat' dir='ltr'>relin-</span> 
     </span>
     <span class='ocr_line' id='line_1_23' title="bbox 260 1625 1592 1676; baseline 0 -12"><span class='ocrx_word' id='word_1_176' title='bbox 260 1640 378 1676; x_wconf 84' lang='lat' dir='ltr'>quere</span> <span class='ocrx_word' id='word_1_177' title='bbox 399 1633 465 1664; x_wconf 86' lang='lat' dir='ltr'>aut</span> <span class='ocrx_word' id='word_1_178' title='bbox 486 1625 604 1664; x_wconf 88' lang='lat' dir='ltr'>etiam</span> <span class='ocrx_word' id='word_1_179' title='bbox 626 1625 679 1663; x_wconf 88' lang='lat' dir='ltr'>rei</span> <span class='ocrx_word' id='word_1_180' title='bbox 700 1625 881 1674; x_wconf 89' lang='lat' dir='ltr'>publicae</span> <span class='ocrx_word' id='word_1_181' title='bbox 898 1638 1015 1662; x_wconf 88' lang='lat' dir='ltr'>causa</span> <span class='ocrx_word' id='word_1_182' title='bbox 1036 1633 1172 1663; x_wconf 81' lang='lat' dir='ltr'>contra</span> <span class='ocrx_word' id='word_1_183' title='bbox 1188 1634 1345 1663; x_wconf 87' lang='lat' dir='ltr'>senatus</span> <span class='ocrx_word' id='word_1_184' title='bbox 1367 1628 1592 1664; x_wconf 89' lang='lat' dir='ltr'>consultum</span> 
     </span>
     <span class='ocr_line' id='line_1_24' title="bbox 260 1689 1593 1740; baseline 0.001 -12"><span class='ocrx_word' id='word_1_185' title='bbox 260 1691 343 1740; x_wconf 89' lang='lat' dir='ltr'>ipse</span> <span class='ocrx_word' id='word_1_186' title='bbox 371 1703 580 1728; x_wconf 85' lang='lat' dir='ltr'>remanere.</span> <span class='ocrx_word' id='word_1_187' title='bbox 642 1689 722 1737; x_wconf 92' lang='lat' dir='ltr'>Qui</span> <span class='ocrx_word' id='word_1_188' title='bbox 750 1697 886 1739; x_wconf 85' lang='lat' dir='ltr'>postea</span> <span class='ocrx_word' id='word_1_189' title='bbox 914 1702 1032 1738; x_wconf 81' lang='lat' dir='ltr'>quam</span> <span class='ocrx_word' id='word_1_190' title='bbox 1060 1689 1280 1728; x_wconf 88' lang='lat' dir='ltr'>incredibili</span> <span class='ocrx_word' id='word_1_191' title='bbox 1308 1690 1491 1729; x_wconf 83' lang='lat' dir='ltr'>felicitate</span> <span class='ocrx_word' id='word_1_192' title='bbox 1518 1691 1593 1729; x_wconf 88' lang='lat' dir='ltr'>dis-</span> 
     </span>
     <span class='ocr_line' id='line_1_25' title="bbox 261 1752 1589 1803; baseline 0 -10"><span class='ocrx_word' id='word_1_193' title='bbox 261 1762 460 1794; x_wconf 84' lang='lat' dir='ltr'>cesserunt</span> <span class='ocrx_word' id='word_1_194' title='bbox 481 1754 634 1792; x_wconf 84' lang='lat' dir='ltr'>sublata</span> <span class='ocrx_word' id='word_1_195' title='bbox 661 1752 855 1791; x_wconf 81' lang='lat' dir='ltr'>dubitatio</span> <span class='ocrx_word' id='word_1_196' title='bbox 885 1761 952 1791; x_wconf 90' lang='lat' dir='ltr'>est.</span> <span class='ocrx_word' id='word_1_197' title='bbox 1010 1754 1207 1792; x_wconf 89' lang='lat' dir='ltr'>Videbam</span> <span class='ocrx_word' id='word_1_198' title='bbox 1234 1768 1445 1802; x_wconf 89' lang='lat' dir='ltr'>sermones,</span> <span class='ocrx_word' id='word_1_199' title='bbox 1468 1758 1478 1775; x_wconf 75' lang='lat'><em>‘</em></span> <span class='ocrx_word' id='word_1_200' title='bbox 1496 1755 1589 1803; x_wconf 91' lang='lat' dir='ltr'>Hui,</span> 
     </span>
     <span class='ocr_line' id='line_1_26' title="bbox 260 1819 1652 1870; baseline -0.001 -11"><span class='ocrx_word' id='word_1_201' title='bbox 260 1822 415 1859; x_wconf 90' lang='lat' dir='ltr'>fratrem</span> <span class='ocrx_word' id='word_1_202' title='bbox 444 1819 621 1868; x_wconf 77' lang='lat' dir='ltr'>reliquit!</span> <span class='ocrx_word' id='word_1_203' title='bbox 681 1820 789 1857; x_wconf 89' lang='lat' dir='ltr'>Num</span> <span class='ocrx_word' id='word_1_204' title='bbox 817 1826 875 1857; x_wconf 90' lang='lat' dir='ltr'>est</span> <span class='ocrx_word' id='word_1_205' title='bbox 905 1820 981 1856; x_wconf 92' lang='lat' dir='ltr'>hoc</span> <span class='ocrx_word' id='word_1_206' title='bbox 1012 1832 1092 1857; x_wconf 91' lang='lat' dir='ltr'>non</span> <span class='ocrx_word' id='word_1_207' title='bbox 1122 1821 1209 1870; x_wconf 89' lang='lat' dir='ltr'>plus</span> <span class='ocrx_word' id='word_1_208' title='bbox 1239 1834 1386 1858; x_wconf 88' lang='lat' dir='ltr'>annum</span> <span class='ocrx_word' id='word_1_209' title='bbox 1415 1820 1593 1859; x_wconf 89' lang='lat' dir='ltr'>obtinere</span> <span class='ocrx_word' id='word_1_210' title='bbox 1616 1833 1652 1866; x_wconf 85' lang='lat'>25</span> 
     </span>
     <span class='ocr_line' id='line_1_27' title="bbox 261 1883 1594 1937; baseline 0 -13"><span class='ocrx_word' id='word_1_211' title='bbox 261 1885 532 1937; x_wconf 86' lang='lat' dir='ltr'>provinciam?</span> <span class='ocrx_word' id='word_1_212' title='bbox 590 1883 699 1932; x_wconf 84' lang='lat' dir='ltr'>Quid</span> <span class='ocrx_word' id='word_1_213' title='bbox 729 1885 837 1933; x_wconf 85' lang='lat' dir='ltr'>quod</span> <span class='ocrx_word' id='word_1_214' title='bbox 868 1892 1025 1922; x_wconf 88' lang='lat' dir='ltr'>senatus</span> <span class='ocrx_word' id='word_1_215' title='bbox 1055 1898 1123 1922; x_wconf 92' lang='lat' dir='ltr'>eos</span> <span class='ocrx_word' id='word_1_216' title='bbox 1150 1884 1272 1923; x_wconf 89' lang='lat' dir='ltr'>voluit</span> <span class='ocrx_word' id='word_1_217' title='bbox 1301 1899 1480 1935; x_wconf 85' lang='lat' dir='ltr'>praeesse</span> <span class='ocrx_word' id='word_1_218' title='bbox 1510 1900 1594 1936; x_wconf 90' lang='lat' dir='ltr'>pro-</span> 
     </span>
     <span class='ocr_line' id='line_1_28' title="bbox 261 1948 1593 2001; baseline 0.001 -13"><span class='ocrx_word' id='word_1_219' title='bbox 261 1950 398 1988; x_wconf 86' lang='lat' dir='ltr'>vinciis</span> <span class='ocrx_word' id='word_1_220' title='bbox 433 1949 500 1999; x_wconf 90' lang='lat' dir='ltr'>qui</span> <span class='ocrx_word' id='word_1_221' title='bbox 530 1962 610 1987; x_wconf 92' lang='lat' dir='ltr'>non</span> <span class='ocrx_word' id='word_1_222' title='bbox 646 1948 933 1998; x_wconf 86' lang='lat' dir='ltr'>praefuissent?</span> <span class='ocrx_word' id='word_1_223' title='bbox 989 1950 1042 1986; x_wconf 84' lang='lat' dir='ltr'>At</span> <span class='ocrx_word' id='word_1_224' title='bbox 1077 1949 1140 1987; x_wconf 87' lang='lat' dir='ltr'>hic</span> <span class='ocrx_word' id='word_1_225' title='bbox 1176 1949 1431 1988; x_wconf 75' lang='lat' dir='ltr'>trienniuml&#39;</span> <span class='ocrx_word' id='word_1_226' title='bbox 1491 1953 1593 2001; x_wconf 82' lang='lat' dir='ltr'>Ergo</span> 
     </span>
    </p>

    <p class='ocr_par' dir='ltr' id='par_1_5' title="bbox 218 2013 1654 2324">
     <span class='ocr_line' id='line_1_29' title="bbox 218 2013 1592 2065; baseline 0.001 -12"><span class='ocrx_word' id='word_1_227' title='bbox 218 2025 242 2062; x_wconf 90' lang='lat'>4</span> <span class='ocrx_word' id='word_1_228' title='bbox 263 2018 359 2054; x_wconf 86' lang='lat' dir='ltr'>haec</span> <span class='ocrx_word' id='word_1_229' title='bbox 381 2016 430 2053; x_wconf 89' lang='lat' dir='ltr'>ad</span> <span class='ocrx_word' id='word_1_230' title='bbox 458 2016 662 2064; x_wconf 88' lang='lat' dir='ltr'>populum.</span> <span class='ocrx_word' id='word_1_231' title='bbox 723 2013 831 2062; x_wconf 83' lang='lat' dir='ltr'>Quid</span> <span class='ocrx_word' id='word_1_232' title='bbox 859 2027 960 2063; x_wconf 87' lang='lat' dir='ltr'>quae</span> <span class='ocrx_word' id='word_1_233' title='bbox 991 2016 1152 2052; x_wconf 89' lang='lat' dir='ltr'>tecum?</span> <span class='ocrx_word' id='word_1_234' title='bbox 1209 2016 1438 2065; x_wconf 88' lang='lat' dir='ltr'>Numquam</span> <span class='ocrx_word' id='word_1_235' title='bbox 1466 2029 1592 2054; x_wconf 88' lang='lat' dir='ltr'>essem</span> 
     </span>
     <span class='ocr_line' id='line_1_30' title="bbox 262 2078 1594 2131; baseline 0 -12"><span class='ocrx_word' id='word_1_236' title='bbox 262 2081 347 2119; x_wconf 85' lang='lat' dir='ltr'>sine</span> <span class='ocrx_word' id='word_1_237' title='bbox 385 2094 487 2127; x_wconf 88' lang='lat' dir='ltr'>cura,</span> <span class='ocrx_word' id='word_1_238' title='bbox 529 2079 560 2117; x_wconf 93' lang='lat' dir='ltr'>si</span> <span class='ocrx_word' id='word_1_239' title='bbox 599 2078 695 2129; x_wconf 89' lang='lat' dir='ltr'>quid</span> <span class='ocrx_word' id='word_1_240' title='bbox 735 2079 960 2117; x_wconf 86' lang='lat' dir='ltr'>iracundius</span> <span class='ocrx_word' id='word_1_241' title='bbox 1001 2079 1324 2118; x_wconf 90' lang='lat' dir='ltr'>contumeliosius</span> <span class='ocrx_word' id='word_1_242' title='bbox 1363 2088 1429 2119; x_wconf 89' lang='lat' dir='ltr'>aut</span> <span class='ocrx_word' id='word_1_243' title='bbox 1467 2083 1594 2131; x_wconf 81' lang='lat' dir='ltr'>negle-</span> 
     </span>
     <span class='ocr_line' id='line_1_31' title="bbox 262 2143 1654 2196; baseline -0.003 -12"><span class='ocrx_word' id='word_1_244' title='bbox 262 2145 425 2196; x_wconf 80' lang='lat' dir='ltr'>gentius,</span> <span class='ocrx_word' id='word_1_245' title='bbox 451 2158 551 2195; x_wconf 83' lang='lat' dir='ltr'>quae</span> <span class='ocrx_word' id='word_1_246' title='bbox 579 2145 649 2182; x_wconf 89' lang='lat' dir='ltr'>fert</span> <span class='ocrx_word' id='word_1_247' title='bbox 670 2143 748 2182; x_wconf 87' lang='lat' dir='ltr'>vita</span> <span class='ocrx_word' id='word_1_248' title='bbox 776 2144 993 2182; x_wconf 89' lang='lat' dir='ltr'>hominum.</span> <span class='ocrx_word' id='word_1_249' title='bbox 1055 2144 1163 2193; x_wconf 88' lang='lat' dir='ltr'>Quid</span> <span class='ocrx_word' id='word_1_250' title='bbox 1189 2145 1219 2183; x_wconf 92' lang='lat' dir='ltr'>si</span> <span class='ocrx_word' id='word_1_251' title='bbox 1247 2145 1343 2195; x_wconf 90' lang='lat' dir='ltr'>quid</span> <span class='ocrx_word' id='word_1_252' title='bbox 1370 2145 1471 2183; x_wconf 89' lang='lat' dir='ltr'>filius</span> <span class='ocrx_word' id='word_1_253' title='bbox 1499 2160 1594 2196; x_wconf 89' lang='lat' dir='ltr'>puer</span> <span class='ocrx_word' id='word_1_254' title='bbox 1614 2158 1654 2190; x_wconf 80' lang='lat'>30</span> 
     </span>
     <span class='ocr_line' id='line_1_32' title="bbox 264 2208 1593 2260; baseline 0 -12"><span class='ocrx_word' id='word_1_255' title='bbox 264 2218 301 2249; x_wconf 89' lang='lat' dir='ltr'>et</span> <span class='ocrx_word' id='word_1_256' title='bbox 322 2223 417 2259; x_wconf 90' lang='lat' dir='ltr'>puer</span> <span class='ocrx_word' id='word_1_257' title='bbox 438 2209 540 2248; x_wconf 90' lang='lat' dir='ltr'>bene</span> <span class='ocrx_word' id='word_1_258' title='bbox 567 2208 641 2247; x_wconf 86' lang='lat' dir='ltr'>sibi</span> <span class='ocrx_word' id='word_1_259' title='bbox 663 2210 819 2247; x_wconf 87' lang='lat' dir='ltr'>fidens?</span> <span class='ocrx_word' id='word_1_260' title='bbox 847 2208 915 2259; x_wconf 92' lang='lat' dir='ltr'>qui</span> <span class='ocrx_word' id='word_1_261' title='bbox 936 2216 1037 2248; x_wconf 87' lang='lat' dir='ltr'>esset</span> <span class='ocrx_word' id='word_1_262' title='bbox 1064 2211 1206 2248; x_wconf 89' lang='lat' dir='ltr'>dolor?</span> <span class='ocrx_word' id='word_1_263' title='bbox 1235 2223 1353 2259; x_wconf 90' lang='lat' dir='ltr'>quem</span> <span class='ocrx_word' id='word_1_264' title='bbox 1377 2218 1486 2260; x_wconf 92' lang='lat' dir='ltr'>pater</span> <span class='ocrx_word' id='word_1_265' title='bbox 1513 2224 1593 2248; x_wconf 92' lang='lat' dir='ltr'>non</span> 
     </span>
     <span class='ocr_line' id='line_1_33' title="bbox 263 2273 1594 2324; baseline 0 -11"><span class='ocrx_word' id='word_1_266' title='bbox 263 2275 488 2314; x_wconf 83' lang='lat' dir='ltr'>dimittebat</span> <span class='ocrx_word' id='word_1_267' title='bbox 533 2281 650 2324; x_wconf 90' lang='lat' dir='ltr'>teque</span> <span class='ocrx_word' id='word_1_268' title='bbox 688 2273 728 2312; x_wconf 94' lang='lat' dir='ltr'>id</span> <span class='ocrx_word' id='word_1_269' title='bbox 767 2287 926 2312; x_wconf 91' lang='lat' dir='ltr'>censere</span> <span class='ocrx_word' id='word_1_270' title='bbox 965 2275 1129 2312; x_wconf 90' lang='lat' dir='ltr'>moleste</span> <span class='ocrx_word' id='word_1_271' title='bbox 1167 2275 1325 2313; x_wconf 88' lang='lat' dir='ltr'>ferebat.</span> <span class='ocrx_word' id='word_1_272' title='bbox 1397 2277 1451 2313; x_wconf 92' lang='lat' dir='ltr'>At</span> <span class='ocrx_word' id='word_1_273' title='bbox 1488 2288 1594 2313; x_wconf 89' lang='lat' dir='ltr'>nunc</span> 
     </span>
    </p>
   </div>
   <div class='ocr_carea' id='block_1_3' title="bbox 267 2375 1590 2462">
    <p class='ocr_par' dir='ltr' id='par_1_6' title="bbox 267 2375 1590 2462">
     <span class='ocr_line' id='line_1_34' title="bbox 313 2375 1590 2420; baseline 0 -11"><span class='ocrx_word' id='word_1_274' title='bbox 313 2380 350 2409; x_wconf 89' lang='lat'>18</span> <span class='ocrx_word' id='word_1_275' title='bbox 375 2378 542 2408; x_wconf 84' lang='lat' dir='ltr'>traderem</span> <span class='ocrx_word' id='word_1_276' title='bbox 567 2375 611 2407; x_wconf 62' lang='grc' dir='ltr'>ΖΙ)</span> <span class='ocrx_word' id='word_1_277' title='bbox 678 2377 787 2418; x_wconf 87' lang='lat' dir='ltr'>fratri]</span> <span class='ocrx_word' id='word_1_278' title='bbox 804 2377 884 2417; x_wconf 80' lang='lat' dir='ltr'>sort.</span> <span class='ocrx_word' id='word_1_279' title='bbox 906 2388 948 2408; x_wconf 88' lang='lat' dir='ltr'>an</span> <span class='ocrx_word' id='word_1_280' title='bbox 976 2377 1091 2409; x_wconf 69' lang='lat' dir='ltr'>fratri?</span> <span class='ocrx_word' id='word_1_281' title='bbox 1126 2377 1219 2408; x_wconf 81' lang='lat' dir='ltr'>fratri</span> <span class='ocrx_word' id='word_1_282' title='bbox 1303 2381 1381 2420; x_wconf 81' lang='lat' dir='ltr'>post</span> <span class='ocrx_word' id='word_1_283' title='bbox 1405 2377 1489 2409; x_wconf 88' lang='lat' dir='ltr'>Illud</span> <span class='ocrx_word' id='word_1_284' title='bbox 1515 2377 1590 2410; x_wconf 83' lang='lat' dir='ltr'>add.</span> 
     </span>
     <span class='ocr_line' id='line_1_35' title="bbox 267 2420 1190 2462; baseline -0.001 -9"><span class='ocrx_word' id='word_1_285' title='bbox 267 2432 336 2453; x_wconf 89' lang='lat' dir='ltr'>non</span> <span class='ocrx_word' id='word_1_286' title='bbox 354 2422 400 2452; x_wconf 87' lang='lat' dir='ltr'>rei</span> <span class='ocrx_word' id='word_1_287' title='bbox 419 2421 583 2461; x_wconf 84' lang='lat' dir='ltr'>publicae,</span> <span class='ocrx_word' id='word_1_288' title='bbox 603 2421 665 2452; x_wconf 88' lang='lat' dir='ltr'>hoc</span> <span class='ocrx_word' id='word_1_289' title='bbox 684 2420 824 2462; x_wconf 58' lang='lat' dir='ltr'>Madvtjg</span> <span class='ocrx_word' id='word_1_290' title='bbox 957 2431 995 2462; x_wconf 94' lang='lat'>19</span> <span class='ocrx_word' id='word_1_291' title='bbox 1020 2421 1088 2452; x_wconf 86' lang='lat' dir='ltr'>Iam</span> <span class='ocrx_word' id='word_1_292' title='bbox 1106 2421 1190 2453; x_wconf 75' lang='lat' dir='ltr'>Reid</span> 
     </span>
    </p>
   </div>
  </div>
 </body>
</html>
