1790 2837
589 121 702 158 EPP.
734 121 812 158 AD
842 121 1154 162 ATTICVM‘T
1471 122 1520 161 Ἰ.
1538 122 1583 162 iii

195 230 293 268 nihil
335 229 531 281 scripsisti.
610 230 728 281 Signa
772 243 873 280 quae
912 231 1028 270 nobis
1066 231 1220 280 curasti,
1261 236 1307 271 ea
1344 236 1439 272 s'unt'
1471 235 1523 272 ad

195 294 373 333 Caietam
413 294 598 344 exposita.
676 296 761 334 Nos
800 309 847 333 ea
885 309 966 334 non
1005 296 1201 345 vidimus,·
1247 297 1520 347 nequeenim

194 359 363 398 exeundi
380 361 510 398 Roma
526 367 698 409 potestas
713 360 827 398 nobis
848 360 929 398 fuit.
992 361 1175 399 Misimus
1191 361 1258 411 qui
1279 375 1349 412 pro
1365 369 1522 401 vectura

194 425 370 462 solveret.
429 426 489 463 Te
521 426 688 462 multum
717 437 896 463 amamus
925 426 1035 475 quod
1065 439 1111 464 ea
1142 426 1214 471 abs
1247 433 1284 464 tc
1318 426 1522 477 diligenter

156 505 174 537 5
193 502 394 539 parvoque
414 497 547 527 curata
567 497 667 527 sunt.

249 554 371 601 Quod
394 554 444 592 ad
466 567 529 592 me
549 567 666 603 saepe
695 553 882 604 scripsisti
910 556 962 594 de
992 563 1126 593 nostro
1155 556 1284 594 amico
1312 558 1517 606 placando,
1539 568 1563 606 3

194 618 269 657 feci
289 625 327 656 et
354 626 532 669 expertus
563 632 651 657 sum
680 619 824 667 onmia,
848 621 917 658 sed
948 620 1170 658 mirandum
1199 621 1239 658 in
1270 623 1434 660 modum
1463 629 1521 662 est

194 682 327 721 animo
346 683 580 722 abalienato.
642 683 798 732 Quibus
825 685 875 722 de
902 684 1194 734 suspicionibus
1216 685 1287 724 etsi
1307 686 1463 725 audisse
1483 693 1521 725 te

194 747 368 795 arbitror,
391 755 523 786 tamen
551 761 597 786 ex
624 761 687 786 me
714 762 804 786 curn
831 748 982 787 veneris
1010 762 1235 798 cognosces
1295 749 1521 788 Sallustium

139 830 177 853 10
194 820 441 864 praesentem
470 813 672 852 restituere
704 812 744 850 in
775 813 858 851 eius
887 821 1059 852 veterem
1088 814 1251 864 gratiam
1283 827 1363 852 non
1397 814 1518 864 potui.

196 879 289 916 Hoc
308 879 360 916 ad
380 885 418 916 te
439 877 574 928 scripsi
604 878 713 928 quod
737 877 768 916 is
798 891 861 916 me
889 891 1074 917 accusare
1100 879 1154 916 de
1184 886 1222 917 te
1250 879 1412 917 solebat.
1473 881 1521 917 In

194 956 235 982 se
255 950 436 994 expertus
457 951 515 982 est
536 943 645 981 illum
667 956 751 982 esse
772 943 903 981 minus
924 943 1174 991 exorabilem,
1193 957 1325 982 meum
1347 944 1520 983 studium

193 1021 268 1046 nec
295 1009 371 1046 sihi
396 1021 459 1046 uec
486 1007 557 1047 tibi
586 1007 768 1047 defuisse.
827 1007 1041 1047 Tulliolam
1066 1009 1112 1048 C.
1137 1007 1271 1047 Pisoni
1292 1010 1334 1046 L.
1358 1009 1380 1046 f.
1406 1009 1520 1060 Frugi

193 1071 491 1123 despondimus.
543 1091 546 1094 ⁴

137 1213 174 1244 15
236 1198 303 1233 IV
602 1202 672 1234 Ser.
691 1202 820 1233 Romae
831 1202 879 1234 in.
897 1213 927 1233 a.
949 1203 1014 1234 688
1032 1202 1115 1244 (66).

608 1290 783 1322 CICERO
808 1290 980 1322 ATTICO
1005 1290 1102 1322 SAL.

248 1379 415 1418 Crebras
452 1378 765 1429 exspectationes
803 1378 918 1417 nobis
967 1378 1024 1416 tui
1069 1392 1306 1417 commoves.
1384 1380 1555 1429 Nuper1

193 1443 354 1493 quidem
376 1457 467 1481 cum
488 1443 563 1481 iam
593 1451 630 1482 te
656 1445 866 1481 adventare
895 1442 1179 1489 arbitraremur,
1202 1451 1362 1493 repente
1387 1444 1457 1482 abs
1482 1451 1520 1482 te

193 1507 232 1545 in
272 1522 448 1546 mensem
482 1507 700 1556 Quintilem
735 1507 867 1546 reiecti
902 1521 1048 1545 sumus.
1108 1509 1226 1546 Nunc
1258 1521 1349 1546 vero
1380 1508 1519 1556 sentio,

135 1592 174 1614 20
193 1574 301 1622 quod
335 1573 550 1610 commodo
585 1580 652 1610 tuo
692 1573 818 1610 facere
851 1571 1007 1621 poteriS,
1041 1571 1175 1609 venias
1205 1572 1256 1609 ad
1290 1571 1330 1610 id
1365 1579 1519 1622 tempus

192 1639 301 1688 quod
339 1638 499 1685 scribis;
547 1637 690 1676 obieris
730 1637 869 1686 Quinti
909 1636 1033 1675 fratris
1080 1636 1250 1683 comitia,
1291 1650 1363 1675 nos
1401 1638 1519 1687 longo

191 1703 395 1742 intervallo
435 1702 578 1749 viseris,
616 1701 882 1740 Acutilianam
925 1701 1231 1740 controversiam
1276 1702 1514 1751 transegeris.

193 1770 285 1807 Hoc
320 1782 383 1807 me
415 1768 532 1807 etiam
566 1769 797 1806 Peducaeus
829 1775 872 1805 ut
906 1769 956 1806 ad
987 1775 1025 1806 te
1057 1767 1267 1806 scriberem
1298 1767 1514 1806 admonuit.

192 1836 381 1873 Putamus
405 1834 510 1873 enim
533 1833 627 1872 utile
658 1847 742 1872 esse
772 1840 810 1872 te
837 1832 1055 1883 aliquando
1082 1833 1159 1871 iam
1187 1847 1268 1871 rem
1295 1832 1514 1883 transigere.

135 1913 170 1944 25
193 1901 287 1938 Mea
310 1899 537 1938 intercessio
567 1905 700 1948 parata
729 1905 767 1937 et
797 1905 855 1937 est
885 1906 923 1936 et
953 1898 1034 1936 fuit.
1096 1900 1180 1937 Nos
1209 1898 1272 1936 hic
1299 1897 1516 1937 incredibili
1536 1910 1559 1937 2

191 1978 237 2003 ac
258 1963 441 2014 singulari
457 1962 594 2014 populi
610 1964 811 2001 voluntate
827 1963 877 2001 de
895 1963 938 2001 C.
961 1964 1098 2001 Macro
1116 1962 1382 2012 transegimus.
1442 1962 1518 2002 Cui

191 2043 282 2068 cum
314 2028 430 2079 aequi
462 2028 681 2074 fuissemus,
716 2034 849 2066 tamen
888 2029 1014 2066 multo
1046 2027 1234 2066 maiorem
1269 2029 1437 2066 fructum
1472 2041 1519 2067 ex

192 2094 327 2144 populi
348 2093 635 2132 existimatione
664 2092 731 2131 illo
761 2093 949 2131 damnato
979 2091 1156 2142 cepimus
1185 2106 1304 2144 quarn
1331 2106 1378 2132 ex
1397 2092 1518 2143 ipsius

193 2159 225 2197 si
244 2159 447 2197 absolutus
468 2165 569 2197 esset
586 2157 709 2208 gratia
729 2156 980 2208 cepissemus.

237 2273 256 2292 2
282 2263 365 2303 non]
396 2263 544 2293 nondum
571 2263 731 2303 Pluygers
906 2272 941 2292 11
969 2266 1044 2293 aule
1075 2263 1107 2293 in
1136 2273 1173 2294 se
1202 2262 1276 2293 add.
1301 2262 1347 2294 At
1371 2263 1516 2295 Rosius:

194 2306 269 2337 add.
292 2306 360 2336 Iam
381 2306 455 2336 Otto
567 2316 605 2346 13
630 2316 692 2337 nec
709 2306 771 2336 sibi
789 2316 851 2336 nec
869 2306 929 2336 tibi
948 2306 1063 2338 Klotz:
1090 2316 1152 2337 nec
1170 2307 1228 2338 tibi
1245 2307 1350 2337 codd:
1377 2318 1439 2338 nec
1457 2308 1516 2338 tibi

196 2360 258 2379 nec
284 2349 346 2379 sibi
375 2349 531 2380 Gracvms
717 2358 755 2389 19
779 2359 903 2381 censeo
932 2348 1051 2381 Lamb.
1273 2361 1313 2389 24
1339 2351 1419 2392 iam]
1446 2361 1516 2382 eam

195 2392 382 2434 Hrrvagz'us
950 2402 952 2404 '
1002 2402 1005 2404 “
