1790 2837
547 132 660 171 EPP.
692 134 770 171 AD
799 133 1060 173 ATTICVM
1453 134 1506 172 II.
1524 133 1539 171 i

186 255 278 280 suus
309 242 527 292 reliquisset
560 243 656 281 mihi
690 244 861 283 donavit.
934 246 1027 283 Hoc
1062 244 1337 284 illius‘munus
1372 245 1411 284 in
1445 253 1512 284 tua

184 307 386 357 diligentia
414 307 586 358 positum
616 316 686 347 est.
745 309 785 347 Si
816 323 879 347 me
905 322 1022 356 amas,
1047 323 1139 348 cura
1165 318 1207 348 ut
1234 318 1512 349 conserventur

183 380 221 411 et
250 374 301 411 ad
332 386 396 411 me
427 374 691 422 perferantur;
731 375 808 412 hoc
835 374 932 411 rnihi
964 375 1060 412 nihil
1090 383 1218 425 potest
1243 389 1327 414 esse
1355 375 1509 426 gratius.

186 439 236 475 Et
265 451 356 475 cum
387 438 559 476 Graecos
589 446 672 476 turn
693 452 785 477 vero
812 438 1018 488 diligenter
1042 440 1204 479 Latinos
1234 448 1275 478 ut
1305 453 1511 479 conserves

148 519 165 551 5
184 501 311 539 velim.
371 503 503 539 Tuum
535 516 620 540 esse
653 504 730 541 hoc
768 505 1049 541 munusculum
1081 505 1240 554 putabo.
1298 506 1364 543 Ad
1396 506 1512 544 Octa-

183 566 290 604 vium
322 566 415 605 dedi
447 567 618 614 litteras;
658 581 749 605 cum
779 567 865 618 ipso
899 568 996 606 nihil
1029 583 1133 607 eram
1165 571 1342 617 locutus3
1381 583 1510 620 neque

184 631 288 670 enim
311 631 383 669 ista
405 639 471 670 tua
491 632 648 682 negotia
668 632 921 681 provincialia
943 647 1028 672 esse
1052 634 1240 683 putabam
1261 648 1390 684 neque
1410 643 1448 673 te
1469 634 1509 673 in

182 695 461 735 tocullionibus
482 697 689 735 habebam.
750 699 828 736 Sed
849 698 996 748 scripsi,
1017 706 1059 737 ut
1079 699 1211 747 debui,
1233 699 1447 750 diligenter.

224 804 273 839 II
506 807 575 839 Scr.
597 808 642 838 ad
654 809 768 839 villam
787 820 834 840 771.
855 809 946 847 Dea,
965 821 994 840 a.
1014 812 1078 851 694
1097 810 1180 852 (60).

122 898 162 921 10
590 886 763 917 CICERO
795 887 968 919 ATTICO
1001 888 1099 921 SAL.

234 963 349 1009 Cura,
372 962 516 1000 amabo
543 969 591 1009 te,
620 962 854 1002 Ciceronem
885 972 1073 1004 nostrum.
1134 966 1182 1004 Ei
1211 980 1283 1005 nos
1313 970 1506 1007 συννοσεῖν
1524 979 1542 1006 1

178 1027 366 1066 videmur.
426 1029 672 1077 Πελληναίων
691 1027 732 1066 in
757 1028 938 1067 manibus
959 1031 1143 1069 tenebam
1173 1039 1211 1069 et
1240 1033 1397 1071 hercule
1429 1046 1507 1071 ma·
1525 1047 1550 1074 2

178 1106 299 1142 gnum
316 1105 499 1130 acervum
518 1093 750 1132 Dicaearchi
768 1093 863 1131 mihi
883 1102 974 1133 ante
995 1097 1117 1145 pedes
1138 1104 1408 1135 exstruxeram.
1469 1098 1506 1137 O

178 1170 364 1206 magnum
387 1156 589 1195 hominem
617 1166 656 1196 et
682 1159 789 1196 unde
818 1160 943 1197 multo
969 1161 1080 1209 plura
1105 1161 1287 1200 didiceris
1308 1175 1426 1211 quam
1457 1163 1507 1202 de

120 1239 157 1270 15
178 1222 345 1261 Procilio
366 1226 372 1260 l
433 1223 637 1272 Κορινθίων
656 1230 694 1261 et
717 1224 922 1273 Ἀθηναίων
951 1233 1047 1274 puto
1078 1239 1140 1264 me
1171 1228 1325 1265 Romae
1349 1228 1503 1266 habere.

179 1287 280 1325 Mihi
308 1289 467 1328 †credes
488 1289 573 1337 lege
602 1289 675 1326 hec
696 1289 847 1328 doceo†
869 1288 1055 1327 mirabilis
1076 1289 1131 1328 vir
1151 1298 1219 1329 est.
1277 1291 1455 1341 Ἡρώδης,
1475 1291 1506 1330 si

175 1354 297 1392 homo
326 1362 441 1401 esset,
468 1367 558 1392 eum
591 1353 721 1404 potius
751 1355 894 1403 legeret
924 1367 1042 1404 quani
1072 1369 1190 1393 unam
1221 1356 1388 1395 litteram
1419 1357 1507 1395 scri-

175 1419 297 1457 beret.
355 1419 434 1468 Qui
465 1433 527 1457 me
554 1419 720 1468 epistula
749 1418 895 1468 petivit,
918 1420 969 1457 ad
997 1427 1044 1466 te,
1068 1427 1110 1457 ut
1134 1420 1262 1468 video,
1283 1421 1505 1460 comminus

175 1483 349 1522 accessit.
410 1484 646 1523 Coniurasse
678 1485 834 1521 mallem
867 1497 985 1533 quam
1018 1484 1202 1523 restitisse
1231 1486 1504 1534 coniurationi,

118 1564 157 1585 20
175 1547 207 1586 si
227 1548 337 1586 illum
358 1548 454 1586 mihi
473 1547 716 1586 audiendum
737 1556 950 1598 putassem.
1001 1551 1062 1587 De
1083 1549 1176 1588 lolio
1196 1563 1313 1588 sanus
1334 1564 1415 1589 non
1435 1564 1476 1589 es
1494 1566 1504 1598 3
1523 1564 1548 1602 3

175 1613 225 1650 de
245 1613 337 1652 vino
357 1614 490 1651 laudo.

228 1679 306 1716 Sed
327 1679 424 1716 heus
445 1686 500 1726 tu,
518 1678 661 1729 ecquid
674 1679 784 1718 vides
804 1681 1006 1718 Kalendas
1023 1679 1163 1727 venire,
1180 1680 1400 1719 Antonium
1420 1695 1502 1720 non

173 1742 335 1781 venire?
364 1743 514 1782 iudices
536 1744 651 1793 cogi?
709 1745 812 1782 Nam
844 1744 897 1782 ita
926 1746 976 1782 ad
1007 1758 1070 1783 me
1097 1744 1266 1791 mittunt,
1297 1745 1501 1795 Nigidium

173 1807 311 1845 minari
341 1808 381 1846 in
405 1808 590 1847 contione
621 1822 662 1847 se
691 1808 862 1847 iudicem
893 1809 960 1859 qui
991 1823 1071 1847 non
1100 1809 1267 1848 adfuerit
1294 1813 1501 1860 compella-

117 1887 153 1918 25
172 1880 315 1911 turum.
372 1873 503 1911 Velim
532 1882 665 1912 tamen
689 1873 720 1911 si
742 1874 837 1923 quid
862 1883 919 1912 est
940 1876 989 1912 de
1011 1874 1161 1913 Antoni
1189 1876 1360 1913 adventu
1391 1878 1500 1925 quod

171 1938 340 1977 audieris
369 1938 515 1977 scribas
543 1940 595 1977 ad
624 1952 687 1977 me
719 1947 767 1985 et,
800 1939 987 1988 quoniam
1017 1940 1094 1977 huc
1124 1952 1204 1977 non
1234 1939 1353 1986 venis,
1382 1954 1499 1979 cenes

172 2004 278 2052 apud
308 2016 380 2041 nos
410 2002 546 2052 utique
569 2002 694 2053 pridie
728 2004 818 2041 Kal.
868 2004 973 2042 Cave
1002 2003 1112 2041 aliter
1141 2003 1271 2041 facias.
1329 2005 1433 2043 Cura
1457 2013 1499 2044 ut

172 2068 310 2104 valeas.

217 2179 236 2207 3
261 2174 295 2199 et
319 2170 360 2199 ad
386 2180 439 2200 me
464 2170 679 2209 perferantur
703 2181 769 2202 om.
795 2169 847 2200 M¹
949 2181 982 2201 11
1010 2171 1047 2201 Ei
1068 2172 1131 2208 (vel
1153 2172 1220 2211 cui)
1247 2182 1309 2203 nos
1330 2173 1497 2203 συννοσεῖν

174 2211 341 2242 Muretus:
368 2213 463 2243 cinos
478 2219 561 2244 Θειοι
576 2214 661 2244 codd.
676 2225 683 2244 t
709 2214 747 2244 Ei
765 2225 827 2244 nos
841 2216 1013 2253 συμπαθεῖν
1026 2215 1111 2245 Rm'd
1122 2216 1188 2246 coll.
1209 2216 1266 2247 xii.
1284 2226 1295 2245 1
1306 2216 1409 2254 rfm.:
1427 2226 1492 2247 om.

174 2255 214 2285 Ei
247 2266 308 2285 nos
337 2255 528 2296 PVesenberg
623 2267 660 2295 14
685 2258 773 2287 unde
802 2258 849 2288 C:
873 2269 913 2288 eo
940 2257 1011 2288 M¹:
1038 2259 1156 2288 eodem
1192 2258 1263 2290 M-'z
1288 2260 1371 2297 sort.
1395 2260 1436 2289 de
1453 2269 1495 2290 eo

177 2301 215 2329 16
238 2300 442 2329 mihicrede.
459 2301 592 2338 sileges
613 2301 708 2339 haec,
729 2302 844 2331 dices:
881 2301 1042 2331 mirabilis
1063 2303 1140 2332 coni.
1165 2302 1270 2332 Boot:
1293 2302 1373 2332 mihi
1394 2303 1494 2333 crede

172 2340 265 2380 leges
290 2343 382 2372 haec.
425 2343 652 2373 Dicaearchus
670 2344 830 2374 mirabilis
846 2344 1032 2375 Dttenlzer:
1061 2345 1143 2374 mihi
1161 2346 1261 2375 crede
1278 2345 1395 2384 legens
1411 2346 1495 2376 haec

173 2385 315 2415 doceor:
345 2386 506 2416 mirabilis
531 2386 631 2416 Reid:
655 2387 795 2417 alz'ialia
918 2397 959 2418 20
985 2388 1061 2417 lolio
1081 2387 1102 2417 I
1126 2388 1293 2419 Corradus
1317 2388 1403 2419 Reid
1425 2388 1491 2420 coll.

171 2427 259 2460 Plz'n.
279 2429 325 2459 H.
345 2428 388 2461 N.
406 2429 487 2460 xxii.
510 2431 590 2460 160:
619 2429 725 2460 Lollio
742 2430 830 2460 codd.
966 2441 1003 2461 21
1030 2431 1128 2462 Vinio
1145 2431 1228 2462 Pius
