1790 2837
146 512 163 544 5

126 835 167 858 10

592 125 706 163 ΕΡΡ.
737 124 814 161 AD
843 121 1104 161 ATTICVM
1469 121 1499 158 Ι.
1518 120 1611 157 xvii

179 237 325 288 iurgavi
345 225 539 284 senatum,
560 243 602 274 ut
623 235 718 274 mihi
739 235 843 273 visus
864 248 962 281 sum,
987 247 1141 272 summa
1161 246 1252 272 cum
1276 232 1506 271 auctoritate

179 312 217 342 et
238 303 278 341 in
298 316 416 341 causa
443 315 523 340 non
544 302 768 340 verecunda
792 301 1009 342 admodum
1031 298 1155 349 gravis
1176 306 1214 337 et
1235 297 1418 347 copiosus
1438 296 1504 335 fui.

182 369 287 406 Ecce
317 366 416 405 aliae
447 366 611 405 deliciae
643 366 821 416 equitum
850 362 913 403 vix
946 365 1153 403 ferendae!
1198 376 1294 412 quas
1324 375 1397 411 ego
1427 375 1506 399 non
1528 370 1556 407 9

181 434 310 470 solum
348 431 419 469 tuli
453 432 522 469 sed
557 430 675 469 etiam
710 429 854 468 ornavi.
925 428 1059 467 Asiam
1096 427 1163 477 qui
1197 429 1247 466 de
1281 426 1509 465 censoribus

182 497 456 535 conduxerunt
485 495 612 546 questi
640 503 730 533 sunt
760 494 799 532 in
827 501 964 532 senatu
992 505 1034 531 se
1064 492 1280 542 cupiditate
1307 493 1509 541 prolapsos

181 560 348 598 nimium
376 573 519 609 magno
550 559 794 605 conduxisse,
823 566 866 596 ut
892 558 1143 596 induceretur
1172 555 1315 594 locatio
1341 556 1510 605 postula-

181 633 330 664 verunt.
391 627 477 674 Ego
500 624 682 674 princeps
702 623 742 661 in
762 623 1007 662 adiutoribus
1027 630 1146 671 atque
1165 622 1267 659 adeo
1288 621 1484 658 secundus
1498 634 1509 667 3

182 704 274 729 nam
306 697 349 728 ut
381 689 436 728 illi
469 690 661 728 auderent
699 690 775 727 hoc
813 689 1011 738 postulare
1043 688 1207 726 Crassus
1241 699 1308 723 eos
1343 684 1506 735 impulit.

184 755 387 794 Invidiosa
433 768 504 801 res,
545 753 666 804 turpis
708 752 919 803 postulatio
958 760 996 790 et
1034 750 1230 790 confessio
1269 749 1506 788 temeritatis.

185 822 392 858 Summum
427 826 508 857 erat
541 818 756 868 periculum
792 831 853 864 ne,
887 817 918 855 si
949 816 1045 854 nihil
1077 815 1363 865 impetrassent,
1394 815 1510 863 plane

184 885 444 923 alienarentur
473 897 496 921 a
529 891 677 921 senatu.
739 881 847 920 Huic
885 895 1045 931 quoque
1082 880 1137 919 rei
1176 880 1414 918 subventum
1452 885 1511 916 est

184 949 353 987 maxime
376 962 399 986 a
425 947 539 986 nobis
569 949 866 997 perfectumque
893 954 936 984 ut
963 944 1279 995 frequentissimo
1307 951 1444 982 senatu
1473 950 1511 981 et

184 1013 456 1052 liberalissimo
476 1019 686 1058 uterentur,
703 1013 905 1061 multaque
925 1025 948 1049 a
968 1024 1031 1048 me
1052 1011 1102 1048 de
1118 1009 1301 1048 ordinum
1323 1007 1511 1058 dignitate

184 1087 222 1117 et
243 1077 455 1116 concordia
475 1077 581 1116 dicta
601 1084 691 1115 sunt
715 1078 801 1114 Kal.
828 1075 1037 1114 Decembr.
1061 1082 1099 1113 et
1119 1073 1318 1124 postridie.
1370 1074 1511 1122 Neque

184 1144 315 1181 adhuc
349 1156 408 1181 res
447 1144 628 1181 confecta
660 1149 729 1188 est,
763 1142 833 1179 sed
868 1142 1048 1178 voluntas
1088 1146 1245 1178 senatus
1285 1145 1512 1188 perspecta3

184 1221 286 1246 unus
307 1207 412 1246 enirn
433 1216 569 1246 contra
589 1206 737 1246 dixerat
760 1207 945 1244 Metellus
972 1206 1110 1244 consul
1134 1203 1374 1254 designatus,
1393 1210 1512 1252 atque

186 1281 266 1311 erat
292 1272 480 1319 dicturus,
500 1273 551 1311 ad
576 1285 693 1322 quern
724 1278 883 1321 propter
912 1270 990 1309 diei
1019 1269 1250 1308 brevitatem
1279 1275 1510 1318 perventum

185 1351 266 1376 non
293 1345 364 1385 est,
384 1339 499 1375 heros
526 1337 589 1375 ille
616 1344 748 1374 noster
775 1337 886 1375 Cato.
945 1335 1009 1374 Sic
1036 1348 1108 1385 ego
1135 1345 1370 1372 conservans
1400 1331 1511 1369 ratio·
1529 1344 1575 1371 10

186 1416 278 1441 nem
298 1402 664 1451 institutionemque
684 1409 857 1439 nostram
878 1408 998 1446 tueor,
1022 1407 1064 1437 ut
1084 1412 1257 1449 possum,
1280 1397 1385 1435 illam
1405 1410 1428 1433 a
1449 1409 1511 1433 me

130 1484 143 1505 2
188 1466 495 1517 conglutinatam
521 1465 784 1504 concordiam.
845 1465 922 1503 Sed
950 1471 1082 1502 tamen
1109 1462 1296 1513 quoniam
1324 1461 1396 1499 ista
1423 1467 1512 1498 sunt

187 1541 266 1570 tam
301 1532 468 1573 infirma,
497 1530 671 1568 munitur
702 1530 897 1579 quaedam
931 1528 1046 1567 nobis
1077 1529 1128 1566 ad
1159 1527 1383 1566 retinendas
1417 1538 1512 1575 opes

186 1605 337 1636 nostras
358 1604 450 1642 tuta,
475 1603 517 1633 ut
537 1608 662 1644 spero,
685 1594 770 1641 via3
800 1607 918 1644 quarn
945 1593 1016 1631 tibi
1043 1591 1177 1630 litteris
1202 1591 1293 1629 satis
1320 1589 1512 1639 explicare

186 1675 267 1700 non
300 1674 476 1711 possum,
506 1659 790 1709 significatione
825 1672 943 1708 parva
973 1658 1180 1696 ostendam
1212 1664 1354 1694 tamen.
1414 1657 1513 1693 Vtor

188 1725 379 1776 Pompeio
406 1714 712 1762 familiarissime.
773 1723 902 1762 Video
924 1722 1019 1773 quid
1045 1722 1163 1760 dicas.
1224 1721 1385 1760 Cavebo
1412 1732 1513 1769 quae

132 1806 166 1827 2·
188 1798 278 1829 sunt
318 1791 503 1836 cavenda,
544 1803 590 1827 ac
629 1789 796 1827 scribam
836 1788 930 1826 alias
964 1788 1015 1826 ad
1053 1794 1091 1825 te
1125 1787 1176 1825 de
1210 1785 1306 1824 meis
1341 1784 1512 1823 consiliis

188 1856 452 1905 capessendae
480 1853 534 1892 rei
563 1853 746 1904 publicae
774 1855 895 1903 plura.

242 1919 456 1958 Lucceium
487 1918 585 1957 scito
615 1920 862 1957 consulatum
894 1918 1040 1956 habere
1064 1916 1105 1954 in
1131 1915 1265 1954 animo
1289 1914 1419 1953 statim
1450 1928 1514 1964 pe·
1532 1926 1567 1952 11

188 1993 277 2023 tere.
321 1987 413 2023 Duo
434 1983 539 2022 enim
554 1983 624 2022 soli
646 1983 830 2021 dicuntur
850 1981 1006 2032 petituri
1026 1996 1035 2028 3
1065 1982 1209 2020 Caesar
1229 1994 1319 2018 cum
1341 1993 1388 2018 eo
1409 1979 1513 2018 coire

189 2063 257 2100 per
277 2049 433 2087 Arrium
449 2048 593 2098 cogitat
610 2056 647 2086 et
669 2047 833 2085 Bibulus
855 2060 944 2084 cum
966 2047 1042 2084 hoc
1064 2059 1104 2084 se
1125 2052 1236 2095 putat
1256 2058 1325 2094 per
1345 2045 1388 2083 C.
1410 2043 1514 2081 Piso-

234 2163 252 2190 4
275 2151 392 2182 Asiam
409 2151 483 2181 Ant
507 2162 513 2182 ε
539 2151 658 2181 Asiani
677 2149 719 2180 M
847 2160 865 2188 5
891 2149 1123 2179 conduxerant
1140 2148 1262 2178 Rosius
1381 2157 1419 2177 10
1443 2150 1516 2177 ante

190 2205 353 2226 summum
371 2194 445 2224 add.
476 2194 543 2225 Sed
561 2194 689 2233 Kayscr
823 2203 858 2230 13
884 2193 1119 2222 liberalissimo
1147 2191 1194 2221 C:
1227 2191 1448 2220 libentissimo
1477 2190 1517 2219 M

192 2241 239 2273 16,
256 2248 291 2276 17
315 2242 414 2276 atque
431 2242 503 2267 erat
515 2238 593 2268 coni.
607 2238 707 2267 Boot:
733 2237 788 2275 qui
807 2240 879 2266 erat
895 2235 981 2265 codd.
996 2247 1001 2265 z
1025 2236 1106 2273 quin
1125 2239 1196 2264 erat
1211 2234 1349 2264 Rosius:
1375 2239 1513 2271 cratque

189 2281 412 2319 Bz'tsclzossky:
435 2290 508 2310 curn
525 2285 598 2310 erat
615 2281 713 2310 Klots,
811 2290 850 2317 :27
876 2279 1084 2308 consulatum
1102 2278 1170 2307 secl.
1189 2277 1282 2307 Cobet
1378 2278 1420 2306 28
1443 2287 1508 2315 sqq.

193 2328 280 2355 (cum
300 2347 306 2354 .
326 2348 333 2355 .
355 2348 362 2355 .
381 2324 519 2362 cogitat)
539 2327 568 2353 et
586 2327 671 2353 “cum
689 2347 695 2354 .
719 2347 725 2353 .
746 2346 752 2352 .
772 2322 945 2361 coniungi)
974 2323 1006 2350 in
1027 2320 1248 2361 parenthesim
1275 2319 1409 2350 includit
1432 2320 1514 2349 Lclz-

192 2378 308 2408 mmm,
325 2371 486 2397 commate
495 2370 571 2407 post
583 2367 721 2405 petituri
736 2367 840 2406 posito
