1790 2837
110 130 140 167 Ι.
164 130 242 167 xvi
561 131 617 168 M.
650 130 819 167 TVLLI
851 129 1157 169 CICERONIS

195 241 379 278 Plautum
414 247 451 277 et
487 238 701 289 Spongiam
736 246 775 277 et
810 246 958 278 ceteras
996 239 1112 278 huius
1150 240 1260 280 modi
1294 239 1523 292 quisquilias

149 314 172 354 7
194 312 363 342 statuere
395 318 613 353 numquam
648 317 734 342 esse
768 305 926 342 factum.
986 306 1064 343 Sed
1099 312 1231 344 tamen
1263 314 1305 344 ut
1336 314 1375 345 te
1404 308 1454 345 de
1483 321 1523 345 re

192 369 352 418 publica
372 370 565 416 consoler,
587 382 667 407 non
696 368 761 416 ita,
782 376 824 406 ut
852 376 1055 418 sperarunt
1082 369 1173 407 mali
1200 377 1310 408 tanto
1336 370 1522 421 imposito

191 433 246 471 rei
273 433 455 483 publicae
475 434 645 480 vulnere,
668 433 805 471 alacris
833 435 999 471 exsultat
1026 433 1256 483 improbitas
1283 434 1323 472 in
1346 435 1518 474 victoria.

192 498 297 536 Nam
319 500 435 547 plane
456 498 509 536 ita
535 505 781 548 putaverunt,
804 512 895 536 cum
920 497 1065 547 religio,
1088 511 1179 536 cum
1206 499 1408 549 pudicitia,
1429 513 1519 538 cum
1542 515 1558 545 5

190 562 426 601 iudiciorum
448 564 557 610 fides,
582 577 672 601 cum
694 570 853 601 senatus
873 562 1084 601 auctoritas
1105 563 1354 610 concidisset,
1376 565 1458 603 fore
1478 573 1521 602 ut

189 635 322 678 aperte
343 627 479 666 victrix
505 627 682 677 nequitia
707 641 754 665 ac
780 627 904 666 libido
932 641 1080 677 poenas
1107 628 1158 665 ab
1185 627 1337 677 optimo
1362 642 1521 678 quoque

189 700 338 743 peteret
377 692 436 730 sui
475 693 622 731 doloris
657 706 776 742 quem
815 692 1109 742 improbissimo
1148 692 1291 742 cuique
1330 693 1520 732 inusserat

144 764 167 800 8
189 757 373 795 severitas
403 759 631 796 consulatus
662 757 749 795 mei.
811 759 927 795 Idem
958 770 1030 807 ego
1061 757 1124 795 ille
1155 757 1253 808 (non
1285 758 1390 796 enim
1422 758 1519 797 mihi

187 822 323 860 videor
350 822 563 861 insolenter
588 822 742 873 gloriari
769 836 860 860 cum
885 823 935 860 de
963 836 1026 860 me
1053 823 1159 872 apud
1181 830 1218 860 te
1239 824 1388 872 loquor,
1412 822 1451 860 in
1472 837 1518 861 ea
1541 839 1579 860 ιο

185 887 412 937 praesertim
441 886 608 937 epistula
635 901 755 937 quam
782 889 876 925 nolo
903 887 987 925 aliis
1014 887 1106 938 legi)
1128 887 1234 926 idem
1261 887 1423 938 inquam
1444 901 1517 938 ego

184 951 355 990 recreavi
380 952 560 990 adflictos
587 953 742 990 animos
773 953 969 991 bonorum
999 967 1123 991 unum
1151 966 1350 1003 quemque
1379 955 1517 992 confir-

185 1030 307 1064 mans,
332 1017 531 1065 excitans,
560 1017 801 1056 insectandis
821 1032 914 1056 vero
938 1018 1260 1068 exagitandisque
1287 1018 1516 1057 nummariis

183 1082 381 1121 iudicibus
403 1096 564 1121 omnem
589 1083 775 1121 omnibus
803 1083 988 1121 studiosis
1018 1097 1063 1121 ac
1094 1083 1310 1122 fautoribus
1338 1084 1439 1122 illius
1463 1084 1516 1122 vi-

184 1146 330 1185 ctoriae
350 1149 562 1198 παρρησίαν
582 1148 718 1198 eripui,
743 1148 928 1186 Pisonem
950 1150 1155 1186 consulem
1176 1150 1284 1186 nulla
1303 1148 1342 1186 in
1363 1163 1403 1187 re
1424 1162 1515 1187 con·
1537 1164 1571 1194 15

183 1211 317 1250 sistere
339 1226 527 1262 umquam
550 1227 637 1252 sum
658 1227 807 1264 passus,
830 1215 1070 1263 desponsam
1092 1213 1243 1252 homini
1264 1213 1341 1251 iam
1363 1213 1512 1263 Syriam

180 1276 321 1324 ademi,
357 1286 537 1316 senatum
575 1279 626 1316 ad
665 1278 868 1328 pristinam
907 1292 1018 1316 suam
1053 1277 1298 1316 severitatem
1333 1279 1511 1317 revocavi

179 1349 298 1390 atque
318 1342 517 1381 abiectum
539 1342 714 1389 excitavi,
732 1342 920 1382 Clodium
943 1349 1189 1392 praesentem
1206 1342 1299 1392 fregi
1315 1342 1355 1380 in
1372 1350 1510 1381 senatu

179 1420 270 1443 cum
288 1407 464 1446 oratione
485 1416 674 1458 perpetua
694 1407 923 1457 plenissima
939 1407 1135 1457 gravitatis
1152 1415 1236 1445 tum
1257 1408 1510 1446 altercatione

179 1471 296 1509 huius
319 1472 453 1519 modi3
483 1487 530 1511 ex
550 1486 628 1522 qua
649 1472 739 1510 licet
767 1486 894 1522 pauca
917 1474 1126 1522 degustes,
1156 1486 1248 1510 nam
1273 1480 1402 1511 cetera
1428 1486 1508 1511 non
1531 1490 1570 1511 20

177 1545 343 1585 possunt
373 1538 519 1576 habere
551 1539 719 1575 eandem
751 1552 880 1587 neque
910 1537 989 1575 vim
1020 1550 1149 1586 neque
1178 1545 1424 1575 venustatem
1454 1552 1509 1576 re—

179 1609 289 1640 moto
321 1602 386 1640 illo
418 1602 551 1641 studio
585 1602 850 1640 contentionis
882 1616 1001 1652 quem
1037 1605 1160 1654 ἀγῶνα
1190 1616 1259 1640 vos
1290 1602 1504 1652 appellatis.

132 1670 159 1706 9
180 1667 283 1704 Nam
312 1674 353 1704 ut
376 1666 515 1705 Idibus
538 1667 655 1704 Maiis
683 1666 722 1704 in
749 1675 928 1704 senatum
959 1666 1227 1712 convenimus,
1251 1674 1407 1716 rogatus
1434 1680 1507 1717 ego

177 1731 413 1769 sententiam
436 1733 558 1769 multa
578 1731 656 1769 dixi
678 1733 727 1769 de
748 1745 903 1769 summa
922 1745 962 1769 re
982 1731 1150 1780 publica,
1174 1739 1292 1780 atque
1312 1731 1375 1769 ille
1396 1732 1506 1770 locus

173 1796 359 1834 inductus
389 1810 412 1834 a
441 1810 504 1834 me
536 1804 594 1835 est
626 1796 824 1842 divinitus,
847 1810 897 1834 ne
929 1809 1007 1834 una
1039 1797 1152 1846 plaga
1185 1803 1348 1845 accepta
1376 1804 1504 1846 patres
1527 1812 1562 1843 25

172 1861 383 1910 conscripti
405 1861 673 1908 conciderent,
687 1875 737 1899 ne
753 1862 992 1908 deficerent3
1021 1862 1162 1899 vulnus
1184 1874 1268 1899 esse
1290 1860 1372 1899 eius
1394 1862 1503 1900 modi

171 1927 279 1975 quod
302 1925 395 1963 mihi
419 1940 491 1964 nec
519 1925 849 1963 dissimulandum
876 1939 949 1963 nec
976 1925 1336 1976 pertimescendum
1357 1926 1504 1964 videre-

170 1998 240 2036 tur,
274 2004 323 2028 ne
356 1998 423 2028 aut
450 1990 668 2040 ignorando
700 1990 917 2028 stultissimi
944 1997 1016 2028 ant
1042 1993 1235 2028 metuendo
1264 1992 1506 2039 lssgrnavlksl'mz'

169 2054 454 2103 iudicaremur,
486 2055 544 2092 bis
575 2056 801 2093 absolutum
830 2068 914 2093 esse
944 2057 1169 2102 Lentulum,
1193 2055 1252 2093 bis
1276 2055 1497 2103 Catilinam,

168 2121 274 2157 hunc
296 2119 451 2157 tertium
474 2120 551 2157 iam
573 2134 658 2158 esse
679 2134 701 2158 a
722 2120 918 2158 iudicibus
946 2120 985 2158 in
1016 2134 1096 2159 rem
1127 2120 1327 2170 publicam
1355 2120 1500 2160 immis-
1520 2135 1559 2164 30

167 2198 265 2222 sum.
325 2187 335 2204 ‘
351 2187 475 2231 Erras,
501 2185 643 2233 Clodi,
674 2199 755 2223 non
780 2193 817 2223 te
845 2184 994 2223 iudices
1020 2185 1105 2223 urbi
1127 2186 1197 2223 sed
1218 2185 1362 2224 carceri
1383 2199 1499 2224 reser-

211 2298 246 2325 13
272 2293 347 2318 ante
377 2290 528 2320 excitans
560 2288 635 2320 add.
664 2294 697 2320 et
724 2289 745 2319 I
862 2300 904 2320 20
928 2290 1002 2320 eius
1032 2289 1167 2320 EHOP
1289 2299 1326 2319 21
1353 2291 1495 2320 eandem

163 2330 312 2362 EN()l’:
337 2343 402 2362 0111.
422 2332 515 2362 MHs
662 2335 705 2363 28
728 2337 785 2363 aut
810 2334 992 2363 metuendo
1018 2333 1226 2371 ignavissimi
1247 2333 1362 2364 Lamb.
1383 2343 1399 2363 e
1414 2333 1495 2363 codi—

162 2375 248 2404 cibus
266 2374 482 2406 Memmianis
499 2376 548 2406 m'l
562 2377 628 2407 nisi
641 2378 816 2407 consec-lura
834 2380 871 2407 ut
886 2376 948 2408 τίτί.
966 2388 972 2407 :
996 2387 1061 2407 om.
1080 2376 1164 2408 ΣΔΖ
