1790 2837
601 122 714 160 EPP.
746 123 823 160 AD
853 122 1112 161 ATTICVM
1470 123 1522 160 II.
1539 122 1648 158 xxiv

194 232 414 284 postulavit.
476 234 750 272 Reclamatum
771 241 839 273 est.
894 235 999 272 Tum
1020 233 1200 284 exposuit
1222 247 1383 272 manum
1405 234 1523 273 fuisse

194 297 405 336 iuventutis
444 298 546 337 duce
579 298 762 346 Curione,
798 298 839 338 in
877 312 955 348 qua
989 300 1134 337 Paulus
1167 298 1278 337 initio
1312 299 1446 338 fuisset
1485 307 1523 337 et

194 362 245 410 Q.
267 362 417 412 Caepio
447 362 511 401 hic
541 365 684 401 Brutus
714 370 752 401 et
783 364 984 410 Lentulus,
1017 363 1185 401 flaminis
1217 363 1329 410 filius,
1361 364 1522 403 conscio

192 433 326 476 patre,·
354 434 492 476 postea
522 428 566 466 C.
591 427 824 477 Septimium
852 427 1021 465 scribam
1044 427 1175 465 Bibuli
1206 428 1418 478 pugionem
1446 429 1522 468 sibi

154 505 170 535 5
191 504 215 529 a
235 491 379 529 Bibulo
399 491 585 530 attulisse.
646 493 767 540 Quod
791 500 918 530 totum
946 492 1109 530 inrisum
1137 500 1205 539 est,
1227 493 1361 532 Vettio
1387 494 1521 544 pugio·

191 569 283 594 nem
303 556 475 595 defuisse
495 556 568 594 nisi
585 556 621 595 ei
641 558 779 594 consul
795 556 979 604 dedisset,
996 570 1124 606 eoque
1146 557 1267 607 magis
1289 557 1328 596 id
1349 557 1519 597 eiectum

191 628 249 659 est
279 622 388 670 quod
411 634 443 660 a.
470 622 507 659 d.
538 633 585 663 111
614 622 710 660 Idus
746 620 872 659 Maias
908 621 1073 659 Bibulus
1109 622 1343 672 Pompeium
1374 624 1519 664 fecerat

190 684 395 723 certiorem
424 693 466 723 ut
493 693 645 723 caveret
674 684 859 733 insidias,
893 685 932 723 in
963 699 1043 736 quo
1073 686 1108 724 ei
1136 686 1348 736 Pompeius
1374 687 1515 736 gratias

189 757 328 799 egerat.
390 751 644 788 Introductus
675 749 795 788 Curio
826 750 927 788 filius
957 750 1054 789 dixit
1083 752 1134 789 ad
1161 765 1207 790 ea
1234 764 1334 801 quae
1359 751 1513 790 Vettius
1533 762 1557 798 3

134 827 169 850 10
189 814 348 863 dixerat,
380 814 629 864 maximeque
658 813 698 851 in
729 828 777 852 eo
807 822 890 852 tum
922 815 1083 865 quidem
1114 816 1269 854 Vettius
1301 823 1358 854 est
1392 830 1516 866 repre-

188 879 334 917 hensus
368 879 478 929 quod
512 878 660 916 dixerat
691 879 1003 917 adulescentium
1040 880 1249 918 consilium
1284 888 1326 918 ut
1357 880 1397 919 in
1431 883 1516 920 foro

187 942 314 997 [cum]
343 943 622 994 gladiatoribus
654 943 799 981 Gabini
832 944 1066 994 Pompeium
1096 944 1340 983 adorirentur
1356 960 1365 992 ;
1398 945 1437 983 in
1467 959 1515 984 eo

186 1009 405 1060 principem
438 1009 605 1046 Paulum
639 1007 768 1055 fuisse,
807 1022 924 1058 quem
956 1010 1161 1047 constabat
1191 1024 1239 1048 eo
1269 1018 1445 1060 tempore
1474 1010 1515 1049 in

187 1073 427 1112 Macedonia
447 1073 576 1110 fuisse.
638 1072 699 1110 Fit
721 1082 878 1111 senatus
907 1076 1131 1112 consultum
1160 1082 1201 1112 ut
1222 1075 1387 1121 Vettius,
1404 1076 1513 1124 quod

127 1155 165 1188 15
186 1140 388 1177 confessus
413 1144 515 1176 esset
545 1151 585 1175 se
610 1151 700 1175 cum
730 1139 808 1176 telo
839 1138 967 1186 fuisse,
994 1138 1033 1176 in
1062 1139 1217 1176 vincula
1246 1139 1514 1187 coniceretur;

185 1203 252 1253 qui
284 1202 486 1249 emisisset,
521 1216 611 1240 eum
647 1211 783 1240 contra
822 1217 903 1241 rem
944 1203 1142 1253 publicam
1182 1217 1266 1242 esse
1305 1205 1508 1242 facturum.

185 1269 266 1307 Res
300 1276 380 1307 erat
411 1269 451 1306 in
490 1282 535 1307 ea
575 1268 761 1318 opinione
794 1276 836 1306 ut
876 1276 1058 1319 putarent
1097 1268 1137 1307 id
1176 1282 1260 1307 esse
1299 1276 1430 1307 actum
1469 1277 1512 1308 ut

184 1333 339 1372 Vettius
373 1334 413 1371 in
444 1335 527 1372 foro
559 1347 649 1371 cum
682 1334 852 1383 pugione
885 1341 924 1371 et
957 1333 1050 1372 item
1085 1334 1183 1372 servi
1217 1333 1300 1372 eius
1338 1347 1512 1384 compre-

184 1399 449 1440 henderentur
478 1412 568 1436 cum
599 1398 695 1446 teliS,
720 1398 864 1436 deinde
894 1398 959 1436 ille
989 1412 1030 1437 se
1057 1398 1204 1436 diceret
1233 1398 1506 1437 indicaturum.

127 1479 165 1501 20
186 1465 314 1513 quue
334 1464 387 1502 ita
406 1465 552 1502 factum
574 1472 675 1502 esset
696 1463 769 1501 nisi
787 1463 978 1502 Curiones
995 1477 1075 1501 rem
1096 1471 1186 1501 ante
1207 1464 1257 1501 ad
1275 1463 1508 1513 Pompeium

183 1529 425 1567 detulissent.
484 1531 588 1566 Tum
610 1537 767 1567 senatus
789 1529 1013 1566 consultum
1035 1527 1074 1565 in
1091 1528 1277 1566 contione
1304 1528 1507 1566 recitatum

182 1601 251 1633 est.
310 1596 473 1633 Postero
502 1602 634 1632 autem
666 1594 730 1632 die
767 1595 920 1640 Caesar,
952 1592 983 1630 is
1013 1592 1081 1642 qui
1111 1593 1204 1631 olim
1234 1601 1388 1643 praetor
1416 1606 1507 1631 cum

182 1667 283 1698 esset
305 1661 353 1709 Q.
378 1661 563 1699 Catulum
585 1674 631 1698 ex
654 1658 835 1698 inferiore
863 1660 951 1697 loco
978 1657 1140 1696 iusserat
1166 1658 1306 1705 dicere,
1330 1658 1506 1696 Vettium

182 1725 222 1763 in
241 1732 364 1764 rostra
383 1724 566 1775 produxit
586 1737 757 1774 eumque
784 1723 824 1761 in
845 1737 893 1762 eo
914 1724 1003 1761 loco
1030 1722 1232 1761 constituit
1256 1736 1335 1772 quo
1364 1722 1507 1761 Bibulo

123 1805 160 1838 25
181 1789 333 1829 consuli
362 1789 560 1840 adspirare
590 1803 671 1828 non
700 1789 842 1827 liceret.
904 1787 985 1826 Hic
1012 1787 1076 1826 ille
1101 1787 1234 1826 onmia
1260 1801 1361 1837 quae
1384 1787 1507 1826 voluit

180 1856 231 1894 de
251 1869 290 1893 re
310 1854 469 1905 publica
489 1854 596 1900 dixit,
620 1861 661 1892 ut
682 1853 749 1904 qui
770 1853 862 1891 illuc
882 1854 1007 1891 factus
1028 1852 1307 1902 institutusque
1324 1852 1505 1891 venisset.

181 1918 356 1956 Primum
374 1917 618 1968 Caepionem
639 1919 689 1956 de
705 1917 881 1956 oratione
902 1930 971 1954 sua
992 1916 1157 1966 sustulit,
1174 1930 1292 1966 quem
1313 1916 1353 1954 in
1370 1924 1507 1956 senatu

180 1983 367 2022 acerrime
405 1983 635 2029 nominarat,
677 1990 720 2020 ut
757 1989 960 2032 appareret
999 1989 1158 2020 noctem
1197 1989 1236 2021 et
1273 1990 1506 2020 nocturnam

180 2048 499 2097 deprecationem
537 2047 811 2086 intercessisse.
873 2046 1030 2084 Deinde
1064 2059 1164 2095 quos
1202 2046 1243 2084 in
1281 2054 1418 2084 senatu
1458 2061 1507 2085 ne

120 2127 164 2160 30
182 2113 411 2152 tenuissima
453 2113 615 2163 quidem
663 2111 887 2162 suspicione
933 2111 1121 2160 attigerat,
1165 2125 1232 2150 eos
1275 2111 1504 2159 nominavit,

182 2180 227 2216 L.
251 2179 471 2224 Lucullum,
494 2191 516 2215 a
537 2191 617 2227 quo
646 2176 804 2215 solitum
834 2188 919 2214 esse
948 2176 999 2213 ad
1028 2188 1069 2214 se
1099 2175 1201 2213 mitti
1229 2177 1272 2215 C.
1298 2175 1503 2224 Fannium,

228 2291 262 2311 11
286 2281 417 2311 dixerat
430 2281 462 2310 id
481 2280 584 2310 fuisse
599 2279 865 2310 adulescentium
882 2278 1003 2307 Miiller
1071 2288 1109 2308 12
1127 2288 1199 2308 cum
1215 2279 1281 2308 secl.
1296 2278 1390 2309 Man.
1467 2281 1505 2310 16

181 2325 358 2362 emisisset,
379 2334 454 2353 eum
469 2323 599 2353 Baiter:
625 2333 700 2353 eum
719 2322 887 2352 emisisset
904 2321 1060 2360 M¹,sort.
1082 2325 1162 2354 recte.
1182 2321 1219 2359 cs.
1236 2322 1254 2352 i.
1274 2323 1322 2353 16.
1342 2333 1401 2353 12:
1426 2333 1503 2354 eum

181 2368 358 2406 emisisset,
386 2377 461 2397 eum
488 2364 544 2396 ,Μ2
686 2376 727 2394 20
753 2366 874 2395 sactum
907 2364 1054 2396 Ernesti:
1090 2370 1200 2396 actum
1231 2364 1318 2397 codd.
1462 2368 1504 2397 26

180 2411 313 2452 publica
329 2410 395 2442 secl.
413 2410 508 2440 Man.
616 2413 651 2439 ut
668 2408 750 2438 Pius
766 2420 772 2438 :
796 2412 830 2438 et
846 2407 935 2440 codd.
