1817 2832
666 127 778 165 EPP.
810 127 887 164 AD
917 124 1176 165 ATTICVM
1520 123 1680 161 V11.xi

441 238 509 288 τὴν
538 238 627 277 θεῶν
655 239 837 291 μεγίστην
866 237 953 276 ὥστ’
981 239 1077 289 ἔχειν
1104 236 1377 287 τυραννίδα-Ρ

224 300 228 303 ’
248 301 329 341 Sibi
350 302 493 340 habeat
514 316 623 340 suam
645 304 840 341 fortunam
858 305 864 340 ἒ
912 304 1042 340 Vnam
1064 315 1127 340 me
1147 303 1304 339 hercule
1325 307 1455 338 tecum
1477 298 1574 349 apri-

246 365 442 404 cationem
464 366 503 404 in
524 367 591 405 illo
611 366 799 405 lucrativo
820 374 888 404 tuo
909 368 991 405 sole
1012 366 1144 404 malim
1167 379 1286 415 quam
1307 364 1441 402 omnia
1461 363 1571 402 istius

245 430 355 469 modi
376 444 493 480 regna
508 432 568 469 vel
588 431 718 481 potius
739 431 837 469 mori
865 431 1018 469 miliens
1039 444 1157 480 quam
1186 431 1306 468 semel
1326 428 1436 466 istius
1464 427 1572 467 modi

207 513 223 545 5
245 494 457 544 quicquam
479 495 658 546 cogitare.
721 495 851 544 ‘Quid
873 495 903 533 si
924 503 965 533 tu
986 494 1131 533 velis?’
1166 493 1306 544 inquis.
1365 496 1461 543 Age,
1485 492 1571 543 quis
1593 502 1616 529 2

245 568 303 598 est
323 560 386 598 cui
406 562 504 599 velle
525 574 606 599 non
626 560 770 599 liceat?
808 561 886 598 Sed
903 573 975 609 ego
996 561 1073 597 hoc
1089 559 1218 609 ipsum
1238 559 1378 596 ‘velle'
1395 557 1571 596 miserius

245 638 330 663 esse
350 626 454 664 duco
484 639 602 675 quam
627 625 667 663 in
695 638 851 663 crucem
872 623 965 662 tolli.
1024 625 1115 661 Vna
1143 636 1202 661 res
1229 630 1287 661 est
1311 636 1357 661 ea
1383 622 1568 669 miserior,

244 689 408 739 adipisci
438 691 547 739 quod
576 679 629 728 ita
652 691 830 728 voluens.
890 689 968 727 Sed
998 689 1095 727 haec
1122 689 1324 726 hactenus.
1384 686 1572 726 Libenter

245 754 350 793 enim
371 754 411 792 in
432 754 492 792 his
513 754 700 793 molestiis
721 755 937 806 ἐνσχολάζω
955 754 1079 792 τόσον.

187 838 226 861 10
300 820 526 858 Redeamus
555 820 606 857 ad
636 826 824 858 nostrum.
884 820 957 857 Per
988 819 1186 857 fortunas!
1227 817 1342 867 quale
1376 815 1447 854 tibi
1480 829 1570 854 con-
1589 823 1613 860 3

245 883 374 922 silium
396 883 561 933 Pompei
583 883 764 922 videtur?
793 885 870 921 hoc
890 896 1036 932 quaero
1057 883 1166 932 quod
1195 882 1333 920 urbem
1360 880 1567 930 reliquerit.

245 950 331 998 Ego
358 948 463 986 enim
491 951 625 998 ἀπορῶ.
684 950 789 986 Tum
813 947 910 996 nibil
936 946 1154 985 absurdius.
1213 947 1361 984 Vrbem
1391 952 1433 983 tu
1460 944 1572 984 relin-

245 1015 372 1063 quas?
414 1026 505 1063 ergo
542 1012 658 1060 idem,
695 1012 728 1051 si
763 1012 865 1051 Galli
903 1011 1109 1050 venirent?
1169 1013 1285 1050 ‘Non
1323 1011 1402 1049 est’
1443 1009 1571 1060 inquit

248 1078 309 1115 ‘in
347 1078 559 1127 parietibus
598 1091 657 1116 res
695 1077 877 1127 publica.'
934 1078 987 1114 At
1018 1075 1059 1113 in
1090 1075 1164 1114 aris
1198 1082 1237 1113 et
1269 1074 1377 1113 focis.
1435 1074 1571 1113 ‘Fecit

245 1142 557 1181 Themistocles.’
615 1143 797 1180 Fluctum
827 1140 932 1179 enim
961 1139 1080 1178 totius
1112 1139 1313 1178 barbariae
1346 1140 1444 1177 ferre
1477 1140 1570 1178 urbs

244 1220 323 1245 una
343 1221 423 1245 non
453 1214 614 1256 poterat.
673 1208 726 1244 At
753 1205 859 1244 idem
890 1204 1058 1243 Pericles
1088 1217 1169 1242 non
1197 1203 1290 1242 fecit
1318 1216 1467 1241 annum
1491 1204 1569 1242 fere

245 1278 333 1320 post
363 1270 743 1321 quinquagesimum,
775 1283 865 1308 cum
895 1276 1046 1319 praeter
1076 1267 1234 1307 moenia
1266 1267 1363 1305 nihil
1397 1275 1570 1316 teneret3

246 1335 367 1374 nostri
388 1335 481 1374 olim
503 1336 599 1374 urbe
619 1334 768 1385 reliqua
788 1341 902 1384 capta
921 1347 1051 1372 arcem
1072 1340 1204 1371 tamen
1224 1331 1477 1370 retinuerunt,

385 1401 491 1439 Οὕτω
518 1418 589 1439 που
617 1404 689 1439 τῶν
715 1400 879 1450 πρόσθεν
907 1398 1134 1448 ἐπευθόμεθα
1163 1398 1253 1435 κλέα
1282 1397 1428 1446 ἀνδρῶν.

187 1482 227 1503 20
247 1466 398 1503 Rursus
421 1472 553 1503 autem
582 1479 629 1503 ex
658 1467 794 1504 dolore
823 1463 1049 1513 municipali
1079 1461 1404 1511 sermonibusque
1433 1474 1568 1500 eorum
1589 1470 1614 1506 4

246 1543 344 1579 quos
359 1529 552 1568 convenio
568 1529 721 1568 videtur
734 1531 810 1567 hoc
826 1527 1034 1566 consilium
1048 1527 1193 1565 exitum
1207 1526 1442 1564 habiturum.
1468 1525 1571 1564 Mira

245 1593 451 1631 hominum
481 1595 639 1643 querela
659 1601 717 1632 est
738 1593 888 1643 (nescio
915 1607 967 1630 an
994 1592 1090 1637 istic,
1114 1592 1184 1629 sed
1213 1590 1331 1629 facies
1360 1597 1402 1628 ut
1432 1589 1569 1641 sciam)

246 1658 328 1697 sine
358 1658 647 1708 magistratibus
667 1658 805 1696 urbem
832 1671 928 1703 esse,
951 1656 1035 1695 sine
1062 1663 1210 1694 senatu.
1271 1654 1440 1704 Fugiens
1464 1655 1571 1693 deni-

246 1736 322 1773 que
348 1722 560 1773 Pompeius
588 1722 815 1760 mirabiliter
842 1721 1022 1760 homines
1050 1727 1192 1759 movet.
1252 1719 1362 1768 Quid
1388 1719 1571 1769 quaeris?

189 1805 225 1837 25
245 1788 321 1826 alia
335 1801 452 1826 causa
468 1789 570 1826 facta
590 1794 658 1826 est.
701 1786 810 1825 Nihil
826 1786 903 1824 iam
920 1786 1223 1824 concedendum
1243 1791 1383 1835 putant
1400 1783 1568 1824 Caesari.

248 1853 362 1890 Haec
382 1861 423 1889 tu
444 1851 541 1889 mihi
561 1851 711 1901 explica
730 1851 860 1900 qualia
880 1850 966 1888 sint.

303 1918 387 1965 Ego
418 1915 576 1965 negotio
607 1928 789 1965 praesum
822 1928 904 1952 non
938 1915 1175 1953 turbulento.
1234 1915 1331 1951 Vult
1364 1912 1469 1952 enim
1508 1926 1570 1952 me
1591 1924 1615 1962 5

248 1979 461 2030 Pompeius
491 1993 575 2018 esse
605 1992 723 2029 quem
753 1986 835 2017 tota
863 1980 961 2017 haec
983 1977 1201 2028 Campania
1225 1985 1264 2016 et
1288 1977 1482 2016 maritima
1504 1991 1572 2016 ora

291 2095 310 2124 3
334 2085 498 2115 lucrativo
522 2083 634 2115 codd.:
660 2083 866 2114 Lucretilino
891 2083 1051 2114 Faernus,
1075 2093 1116 2113 sc.
1135 2082 1169 2112 in
1194 2082 1270 2112 villa
1287 2082 1390 2112 Attin·
1412 2081 1571 2112 Ft'mtlcnsz

248 2129 304 2159 xii.
316 2139 366 2168 34.
382 2139 412 2159 1:
439 2128 617 2158 Lumetino
631 2126 731 2156 Rom.
822 2136 841 2163 4
864 2125 961 2154 istius
974 2123 1014 2153 H
1028 2123 1131 2153 Crat:
1158 2124 1247 2154 illius
1264 2123 1571 2162 CM,cs.Lelm1ann

252 2171 350 2201 ‘Am
368 2175 397 2207 j).
415 2172 453 2200 61
618 2179 639 2207 9
663 2168 761 2198 τόσον
784 2168 916 2207 scripsi:
943 2171 1082 2198 COCON
1107 2167 1219 2198 codd.:
1245 2178 1293 2197 σοι
1321 2167 1414 2198 Vicat
1445 2168 1505 2198 σῶς
1529 2166 1570 2197 ὤν

249 2215 328 2245 coni.
350 2213 464 2244 Bat'ler
566 2222 603 2242 12
627 2211 730 2251 Tum]
749 2215 862 2241 tamen
890 2210 1035 2240 Ernesti:
1061 2215 1166 2240 totum
1200 2210 1230 2240 T
1219 2210 1322 2249 yrrell
1334 2222 1339 2241 :
1357 2211 1437 2249 fort.
1455 2210 1568 2249 ἀπορῶ,

250 2268 324 2288 cum
343 2257 424 2286 nihil
537 2256 574 2285 18
598 2259 672 2286 ante
689 2255 792 2285 nostri
810 2253 883 2284 add.
902 2259 936 2284 et
951 2253 1109 2284 Bl‘iclzeler
1203 2263 1244 2283 22
1269 2263 1311 2283 an
1330 2254 1402 2284 istic
1419 2254 1571 2284 Ernesti:

250 2301 323 2331 istic
341 2299 427 2330 codd.
442 2311 447 2329 ε
474 2299 606 2330 isticine
629 2298 816 2337 W'esenhmg
833 2296 940 2333 (·E1n.
958 2296 1038 2327 ΑΗ]
1051 2302 1085 2337 p.
1106 2296 1183 2331 1083
1317 2298 1358 2326 28
1386 2297 1571 2337 Campania

251 2343 366 2375 Romu:
393 2343 565 2382 Campana
578 2341 626 2382 M,
646 2342 683 2381 cf.
703 2341 741 2372 O.
754 2341 796 2373 E.
821 2339 972 2371 Schmidt
990 2339 1079 2370 ‘Der
1091 2339 1313 2378 Briefiveclzsel
1322 2338 1329 2351 '
1339 2344 1374 2380 p.
1392 2348 1452 2378 117
