1817 2832
167 113 288 151 VIII.
306 113 355 150 xi
683 114 739 151 M.
772 114 941 151 TVLLI
973 113 1281 153 CICERONIS

275 227 302 264 6
376 227 642 277 Epistularum
674 226 839 275 Pompei
873 226 1040 264 duarum
1075 239 1172 276 quas
1206 226 1256 265 ad
1291 239 1354 265 me
1388 226 1493 265 misit
1526 228 1654 277 negle—

320 292 492 341 gentiam
531 304 742 340 meamque
780 290 820 328 in
859 292 1112 329 rescribendo
1150 291 1394 340 diligentiam
1432 291 1538 330 volui
1582 291 1654 331 tibi

320 365 455 395 notam
486 370 580 394 esse.
642 358 788 393 Earum
817 357 996 406 exempla
1023 356 1075 393 ad
1105 363 1143 393 te
1174 355 1269 393 misi.

279 433 302 471 7
375 421 552 461 Caesaris
584 421 647 459 hic
679 434 748 471 per
779 420 963 470 Apuliam
1001 422 1052 458 ad
1092 420 1346 458 Brundisium
1384 434 1519 458 cursus
1558 420 1654 470 quid

320 486 461 525 efficiat
490 493 685 536 exspecto.
746 485 907 523 Vtinam
941 485 1091 535 aliquid
1121 485 1247 523 simile
1282 485 1472 523 Parthicis
1510 486 1653 523 rebus!
1674 500 1692 532 5

319 551 443 590 Simul
474 550 624 601 aliquid
655 550 828 597 audiero,
862 550 1031 589 scribam
1068 551 1120 588 ad
1158 557 1207 588 te.
1266 550 1330 588 Tu
1360 551 1411 588 ad
1443 563 1506 588 me
1537 549 1654 588 velim

319 617 516 656 bonorum
536 629 747 654 sermones.
798 617 952 654 Romae
971 617 1195 665 frequentes
1216 628 1301 653 esse
1322 614 1515 653 dicuntur.
1564 614 1654 653 Scio

319 682 504 732 equidem
529 689 567 720 te
595 681 634 719 in
664 680 867 731 publicum
898 694 979 719 non
1008 680 1175 730 prodire,
1198 681 1268 718 sed
1298 688 1431 718 tamen
1453 679 1590 718 audire
1616 688 1654 719 te

319 749 442 785 multa
462 760 623 785 necesse
644 754 711 784 est.
773 745 942 784 Memini
971 745 1114 784 librum
1142 744 1213 783 tibi
1238 744 1380 784 adferri
1406 759 1429 784 a
1450 744 1654 784 Demetrio

320 814 507 862 Magnete
538 813 589 850 ad
621 819 659 850 te
698 811 861 850 missum
898 809 1013 863 [scio]
1051 811 1136 861 περὶ
1173 811 1354 861 ὁμονοίας.
1415 812 1518 850 Eum
1557 809 1653 849 mihi
1675 823 1713 845 10

318 877 435 916 velim
466 877 607 916 mittas.
666 877 790 916 Vides
820 891 940 927 quam
969 890 1130 915 causam
1159 876 1335 916 mediter.

963 1026 1011 1063 A.

637 1129 706 1161 διν.
723 1128 877 1160 Luceriae
893 1130 924 1160 iv
940 1129 989 1161 Id.
1006 1129 1096 1160 Febr.
1115 1141 1145 1162 a.
1167 1140 1222 1169 705
1242 1129 1325 1171 (49).

443 1217 514 1250 CN.
536 1217 730 1249 MAGNVS
756 1218 955 1250 PROCOS.
981 1218 1015 1249 S.
1042 1218 1082 1250 D.
1110 1218 1154 1249 M.
1180 1217 1407 1250 CICERONI
1434 1217 1525 1249 IMP.

375 1299 422 1346 Q.
449 1297 592 1335 Fabius
621 1298 672 1335 ad
702 1311 765 1335 me
789 1296 895 1335 venit
924 1310 956 1335 a.
984 1298 1020 1335 d.
1054 1309 1117 1334 1111
1147 1297 1243 1335 Idus
1265 1296 1377 1334 Febr.
1439 1298 1478 1334 Is
1498 1295 1652 1334 nuntiat
1677 1309 1711 1341 ¹5

321 1364 362 1401 L.
395 1362 616 1401 Domitium
651 1376 741 1400 cum
773 1362 852 1400 suis
884 1361 1112 1400 cohortibus
1144 1373 1205 1399 X11
1236 1369 1274 1399 et
1303 1375 1394 1399 cum
1424 1360 1652 1399 cohortibus

320 1440 412 1465 X1111
445 1441 542 1478 quas
572 1427 768 1465 Vibullius
797 1426 961 1465 adduxit
989 1428 1041 1465 ad
1070 1440 1134 1465 me
1162 1426 1234 1464 iter
1263 1427 1433 1473 habere3
1468 1425 1652 1464 habuisse

319 1492 357 1530 in
379 1492 512 1530 animo
539 1491 733 1541 proficisci
763 1492 940 1531 Corfinio
960 1505 992 1530 a.
1016 1492 1052 1530 d.
1075 1505 1099 1528 v
1129 1492 1225 1529 Idus
1251 1491 1390 1539 Febr.;
1419 1491 1464 1530 C.
1489 1490 1652 1528 Hirrum

320 1571 409 1595 cum
449 1569 474 1594 V
512 1557 741 1595 cohortibus
779 1556 976 1607 subsequi.
1037 1558 1194 1596 Censeo
1237 1557 1289 1595 ad
1333 1569 1406 1595 nos
1445 1555 1650 1594 Luceriam

319 1621 461 1660 venias.
522 1622 627 1659 Nam
657 1629 694 1660 te
723 1621 788 1660 hic
817 1621 1010 1660 tutissime
1037 1629 1134 1671 puto
1163 1622 1255 1659 fore.
1673 1634 1712 1656 20

965 1768 1007 1805 B.

584 1871 652 1903 Scr.
674 1872 707 1901 in
727 1871 911 1901 Formiano
931 1881 975 1900 xv
991 1870 1034 1901 K.
1054 1869 1155 1902 Mart.
1176 1882 1207 1902 a.
1232 1881 1286 1910 705
1306 1871 1391 1911 (49).

477 1961 520 1992 M.
549 1960 723 1991 CICERO
751 1959 843 1990 IMP.
871 1959 905 1990 S.
934 1959 975 1990 D.
1002 1958 1074 1990 CN.
1100 1959 1270 1990 MAGNO
1296 1959 1496 1992 PROCOS.

289 2053 304 2078 1
376 2042 421 2077 A.
455 2041 491 2077 d.
524 2051 580 2076 xv
611 2038 780 2075 Kalend.
814 2036 976 2074 Martias
1009 2036 1174 2074 Formiis
1203 2037 1337 2087 accepi
1368 2045 1453 2075 tuas
1485 2037 1628 2076 litteras
1645 2053 1655 2086 ς

322 2120 368 2144 ex
388 2104 531 2154 quibus
552 2117 598 2142 ea
618 2116 719 2152 quae
746 2102 785 2140 in
812 2116 903 2151 agro
926 2102 1071 2140 Piceno
1098 2110 1205 2151 gesta
1229 2110 1338 2140 erant
1362 2102 1529 2152 cognovi
1549 2116 1654 2141 com-
1675 2117 1712 2150 25

323 2169 500 2208 modiora
534 2182 619 2207 esse
650 2169 773 2206 multo
803 2181 920 2217 quam
950 2175 991 2205 ut
1021 2175 1101 2205 erat
1128 2167 1242 2205 nobis
1272 2167 1495 2205 nuntiatum
1518 2167 1655 2206 Vibul-

322 2235 426 2285 lique
447 2235 629 2273 virtutem
650 2233 961 2283 industriamque
982 2232 1148 2271 libenter
1167 2231 1317 2282 agnovi.

369 2351 406 2371 10
431 2340 501 2371 scio
520 2339 575 2370 del.
599 2338 786 2378 lffi‘sz‘nbetg
938 2348 974 2375 14
1002 2346 1142 2367 MAGNVS
1159 2337 1188 2367 Z
1205 2340 1240 2366 ut
1255 2336 1390 2376 videtur,
1409 2336 1525 2367 codices
1543 2336 1652 2368 Mala-

320 2385 431 2425 spinae
447 2396 453 2415 :
479 2392 649 2413 POMPEWS
667 2381 708 2411 M
840 2382 880 2411 16
904 2391 953 2411 xxi
976 2379 1171 2421 chsenberg‚
1192 2380 1228 2419 cs.
1251 2390 1321 2410 12A
1336 2391 1347 2410 1
1366 2392 1371 2410 :
1399 2390 1433 2410 m
1451 2379 1540 2411 codd.
