1817 2832
640 104 753 141 EPP.
785 104 862 141 AD
891 100 1151 143 ATTICVM
1454 105 1571 142 VIII.
1596 105 1640 142 xi
1662 116 1686 142 B

318 214 403 252 Nos
436 214 566 252 adhuc
600 213 639 252 in
671 227 717 252 ea
749 227 816 252 ora
847 214 913 252 ubi
952 214 1161 265 praepositi
1193 228 1328 254 sumus
1359 214 1411 253 ita
1449 214 1592 254 suimus

264 286 306 317 ut
340 291 479 316 navem
519 286 691 328 paratam
731 279 975 317 haberemus.
1036 281 1094 317 Ea
1124 279 1228 317 enim
1260 279 1519 318 audiebamus
1554 288 1592 319 et

263 356 310 381 ea
339 343 570 382 verebamur
607 351 659 389 ut,
696 344 977 393 quodcumque
1011 351 1052 382 tu
1091 344 1299 382 consilium
1333 345 1513 395 cepisses,
1551 345 1592 384 id

263 408 378 446 nobis
412 410 727 458 persequendum
759 417 994 459 putaremus.
1068 411 1185 448 Nunc
1231 410 1418 459 quoniam
1460 418 1591 449 aucto-

224 490 241 521 5
263 473 374 512 ritate
398 482 435 512 et
462 474 627 513 consilio
652 483 719 513 tuo
740 474 780 512 in
809 488 878 525 spe
908 475 1076 514 firmiore
1105 489 1250 522 sumus,
1274 476 1304 513 si
1331 476 1453 514 teneri
1474 490 1589 526 posse

262 547 376 589 putas
406 540 655 578 Tarracinam
685 546 720 578 et
747 554 854 579 oram
885 540 1128 588 maritimam,
1160 541 1199 579 in
1229 556 1274 580 ea
1306 543 1488 590 manebo,
1518 542 1589 581 etsi

262 603 454 654 praesidia
475 604 514 642 in
535 604 689 654 oppidis
716 607 822 643 nulla
851 614 951 643 sunt.
1012 607 1142 644 Nemo
1169 606 1274 644 enim
1301 606 1421 645 nostri
1442 606 1590 646 ordinis

260 667 302 705 in
331 668 392 706 his
421 669 517 707 locis
551 678 608 707 est
642 677 793 719 praeter
823 671 878 708 M.
907 669 1077 720 Eppium
1113 684 1230 720 quem
1260 685 1333 721 ego
1368 671 1591 710 Menturnis

263 746 348 771 esse
386 733 501 780 volui,
534 733 757 783 vigilantem
793 734 994 772 hominem
1026 742 1064 773 et
1094 734 1339 773 industrium.
1400 737 1503 773 Nam
1545 737 1587 774 L.

206 813 245 836 10
263 799 524 848 Torquatum,
544 798 668 836 virum
698 800 837 837 fortem
865 807 903 837 et
931 813 1021 837 cum
1051 800 1291 848 auctoritate,
1316 800 1480 840 Formiis
1508 814 1588 839 non

262 864 467 912 habemus,
487 865 537 902 ad
559 871 596 902 te
616 865 833 913 profectum
853 863 1092 902 arbitramur.

317 929 403 978 Ego
441 927 615 975 omnino,
649 936 691 966 ut
729 928 904 978 proxime
938 928 1007 967 tibi
1039 930 1249 979 placuerat,
1282 931 1460 980 Capuam
1500 930 1632 969 veni2

262 1006 310 1031 eo
331 992 416 1042 ipso
437 992 500 1031 die
527 1006 606 1042 quo
635 1001 677 1030 tu
704 994 841 1031 Teano
868 992 1043 1032 Sidicino
1069 1007 1109 1032 es
1133 996 1340 1044 profectus.
1399 996 1590 1033 Volueras

263 1057 369 1095 enim
399 1071 461 1095 me
488 1071 578 1095 cum
610 1059 665 1095 M.
690 1057 882 1097 Considio
911 1072 981 1108 pro
1010 1067 1186 1108 praetore
1212 1059 1276 1097 illa
1303 1060 1458 1109 negotia
1479 1061 1588 1098 tueri.

206 1136 241 1166 15
265 1124 368 1162 Cum
397 1136 445 1160 eo
474 1122 679 1169 venissem,
701 1122 781 1160 vidi
811 1124 856 1160 T.
889 1122 1078 1173 Ampium
1111 1123 1302 1162 dilectum
1330 1125 1475 1163 habere
1508 1124 1591 1163 dili—

261 1187 498 1237 gentissime,
520 1187 571 1225 ab
592 1201 639 1226 eo
658 1187 835 1238 accipere
863 1187 1070 1235 Libonem,
1092 1202 1246 1226 summa
1272 1188 1365 1228 item
1390 1189 1591 1239 diligentia

262 1260 300 1290 et
326 1252 366 1290 in
387 1251 452 1290 illa
475 1251 630 1290 colonia
655 1252 895 1291 auctoritate.
956 1253 1027 1290 Fui
1049 1254 1210 1303 Capuae
1236 1255 1367 1303 quoad
1394 1255 1587 1292 consules.

263 1318 422 1364 Iterum,
459 1324 501 1355 ut
539 1324 620 1355 erat
657 1316 831 1355 edictum
869 1331 892 1355 a
925 1317 1163 1365 consulibus,
1197 1318 1285 1356 veni
1321 1319 1499 1368 Capuam
1538 1320 1589 1357 ad

262 1382 399 1420 Nonas
421 1382 602 1419 Februar.
655 1382 758 1420 Cum
779 1381 937 1420 fuissem
960 1382 1143 1429 triduum,
1166 1382 1293 1432 recepi
1314 1396 1377 1421 me
1400 1382 1584 1421 Formias.

205 1459 243 1481 20
316 1448 435 1484 Nunc
456 1447 563 1496 quod
584 1454 694 1484 tuum
716 1446 922 1484 consilium
938 1454 1005 1484 aut
1021 1460 1121 1496 quae
1141 1447 1237 1485 ratio
1258 1447 1349 1485 belli
1370 1447 1417 1485 sit
1438 1447 1584 1497 ignoro.
1607 1460 1631 1497 3

260 1511 300 1550 Si
331 1513 542 1550 tenendam
573 1513 675 1549 hanc
702 1524 809 1549 oram
839 1519 962 1561 putaS,
992 1525 1092 1561 quae
1122 1519 1159 1549 et
1188 1512 1520 1561 opportunitatem
1551 1519 1589 1550 et

259 1576 490 1626 dignitatem
530 1578 648 1615 habet
686 1584 725 1614 et
762 1575 935 1626 egregios
973 1575 1067 1613 civis
1105 1583 1156 1623 et,
1187 1584 1228 1614 ut
1261 1576 1434 1623 arbitror,
1467 1576 1589 1615 teneri

259 1649 399 1692 potest,
440 1632 636 1692 opus'est
674 1654 759 1679 esse
797 1640 865 1690 qui
903 1639 1072 1690 praesit3
1119 1640 1177 1678 sin
1217 1640 1350 1679 omnia
1387 1641 1426 1678 in
1465 1654 1589 1679 unum

259 1707 391 1745 locum
430 1707 699 1745 contrahenda
733 1713 832 1751 sunt,
870 1719 951 1743 non
989 1705 1129 1743 dubito
1167 1705 1261 1755 quin
1300 1707 1350 1744 ad
1389 1714 1426 1744 te
1458 1705 1588 1744 statim

202 1786 239 1817 ²5
260 1771 425 1820 veniam,
449 1786 528 1822 quo
559 1771 655 1810 mihi
685 1771 781 1809 nihil
811 1770 981 1820 optatius
1012 1778 1080 1817 est,
1102 1770 1222 1820 idque
1252 1778 1381 1809 tecum
1412 1784 1491 1820 quo
1525 1770 1589 1809 die

259 1838 311 1875 ab
349 1838 445 1875 urbe
483 1838 734 1876 discessimus
773 1840 927 1876 locutus
966 1850 1063 1874 sum.
1134 1837 1219 1885 Ego
1258 1835 1288 1873 si
1327 1835 1420 1885 quoi
1458 1836 1589 1874 adhuc

260 1902 395 1941 videor
426 1903 580 1953 segnior
618 1903 745 1948 fuisse,
781 1904 875 1940 dum
911 1916 961 1941 ne
993 1901 1063 1939 tibi
1095 1900 1237 1947 videar,
1271 1914 1351 1938 non
1382 1901 1518 1939 laboro
1552 1908 1590 1938 et

260 1975 392 2005 tamen
414 1967 455 2014 si,
478 1976 520 2005 ut
541 1967 667 2014 video,
691 1968 838 2006 bellurn
864 1967 1079 2016 gerendum
1107 1973 1175 2011 est,
1198 1966 1358 2003 confido
1385 1978 1447 2003 me
1468 1965 1589 2003 omni-

262 2032 334 2070 bus
364 2032 476 2070 facile
503 2032 594 2070 satis
621 2033 824 2070 facturum.
886 2033 941 2069 M.
964 2030 1137 2068 Tullium
1169 2044 1301 2068 meum
1326 2029 1587 2068 necessarium
1607 2044 1634 2080 4

202 2109 242 2140 30
260 2097 311 2134 ad
332 2104 369 2134 te
391 2096 477 2134 misi
497 2096 559 2134 cui
580 2104 634 2143 tn,
656 2095 687 2134 si
707 2095 778 2134 tibi
798 2095 1002 2141 videretur,
1025 2096 1076 2133 ad
1097 2108 1160 2133 me
1179 2094 1325 2133 litteras
1345 2095 1468 2133 dares.

303 2208 324 2236 3
349 2198 495 2237 cepisses
514 2198 643 2229 Baiter:
671 2199 886 2238 percepisses
909 2196 966 2228 M:
996 2197 1230 2236 praecepisses
1253 2196 1375 2236 Ivulg.
1509 2197 1530 2225 6
1554 2200 1588 2226 et

261 2242 337 2272 add.
358 2243 447 2280 vulg.
469 2254 475 2273 :
507 2247 540 2273 et
563 2252 635 2272 eam
659 2241 732 2272 add.
753 2241 875 2271 Mz'c'ller
1007 2250 1042 2278 17
1069 2240 1243 2282 consules]
1270 2239 1428 2271 consules
1452 2239 1588 2270 iverunt

261 2285 337 2315 coni.
359 2285 445 2315 Reid
578 2296 616 2325 19
641 2285 742 2326 Cum]
761 2285 815 2315 ubi
833 2294 906 2315 cum
926 2284 952 2314 L
972 2286 1115 2324 (marg.)

1441 2387 1502 2419 17*
