1790 2837
126 134 179 171 II.
197 132 245 170 iv
564 132 620 169 M.
653 130 823 168 TVLLI
854 129 1163 173 CICERONIS

199 256 291 282 curn
329 241 456 281 Musis
495 254 568 280 nos
606 240 895 280 delectabimus
932 239 1066 278 animo
1103 253 1244 290 aequo,
1279 238 1403 278 immo
1440 252 1533 278 vero

199 307 317 346 etiarn
351 306 539 357 gaudenti
572 320 619 345 ac
649 305 800 353 libenti,
823 319 954 356 neque
987 304 1083 343 mihi
1114 319 1304 355 umquam
1334 304 1464 343 veniet
1493 305 1533 342 in

200 380 374 411 mentem
403 373 546 411 Crasso
577 371 753 410 invidere
782 385 913 422 neque
941 370 1143 422 paenitere
1168 371 1277 421 quod
1305 384 1329 409 a
1357 384 1421 409 me
1450 369 1533 420 ipse

200 452 282 476 non
304 437 547 476 desciverim.

158 513 182 550 3
256 505 318 542 De
352 501 590 553 geographia
621 502 727 541 dabo
761 514 922 551 operam
956 508 999 539 ut
1033 499 1105 539 tibi
1136 499 1228 539 satis
1263 499 1403 539 faciam
1419 515 1429 548 3
1463 501 1535 539 sed
1555 517 1571 547 5

200 568 298 606 nihil
337 568 431 607 certi
469 567 668 617 polliceor.
730 569 923 617 Magnum
957 579 1057 616 opus
1096 572 1166 613 est,
1203 566 1273 604 sed
1312 573 1455 613 tamen,
1492 573 1535 604 ut

201 633 324 680 iubes,
348 633 495 672 curabo
525 639 568 670 ut
597 631 712 670 huius
732 631 1057 682 peregrinationis
1076 630 1239 680 aliquod
1259 630 1331 668 tibi
1351 644 1451 680 opus
1475 644 1536 669 ex-

157 710 182 750 4
203 706 287 738 stet.
347 700 410 737 Tu
431 697 620 748 quicquid
642 696 836 746 indagaris
863 698 913 735 de
939 710 980 735 re
1006 696 1166 746 publica
1186 702 1225 734 et
1245 695 1414 734 maxime
1435 709 1534 745 quos

201 765 384 803 consules
405 765 555 802 futuros
579 770 693 813 putes
718 762 837 800 facito
857 769 898 799 ut
919 761 1051 799 sciam.
1111 760 1287 799 Tametsi
1309 760 1425 799 nimis
1446 774 1533 799 sum

158 841 183 881 5
201 829 377 868 curiosus
393 844 402 876 3
434 827 550 867 statui
572 827 677 866 enim
700 827 797 865 nihil
818 826 895 865 iam
917 828 967 865 de
987 841 1028 865 re
1048 826 1208 877 publica
1228 826 1409 876 cogitare.
1460 827 1534 864 Te-
1557 840 1595 861 10

201 894 349 933 sentiae
362 895 503 932 saltum
520 892 800 943 perspeximus.
845 892 954 940 Quid
968 891 1152 941 quaeris?
1180 900 1332 942 praeter
1345 905 1534 941 quercum

203 961 466 998 Dodonaeam
500 958 598 996 nihil
630 957 901 996 desideramus
940 970 1021 1006 quo
1054 956 1185 995 minus
1216 956 1380 1006 Epirum
1410 956 1535 1006 ipsam

154 1033 181 1070 6
201 1024 405 1075 possidere
425 1023 639 1062 videamur.
702 1024 788 1061 Nos
804 1021 956 1060 circiter
975 1022 1062 1059 Kal.
1082 1029 1149 1059 aut
1169 1021 1210 1059 in
1234 1021 1444 1060 Formiano
1466 1021 1535 1059 eri-

202 1103 289 1128 mus
310 1097 377 1127 aut
397 1089 437 1126 in
459 1087 714 1138 Pompeiano.
774 1089 848 1134 Tu,
873 1086 904 1125 si
925 1087 964 1124 in
987 1086 1199 1125 Formiano
1219 1100 1300 1125 non
1324 1086 1478 1133 erimus,
1503 1086 1534 1124 si

201 1168 273 1193 nos
286 1167 405 1200 amas,
425 1153 465 1190 in
482 1152 770 1202 Pompeianum
783 1151 927 1190 venito,
979 1152 1027 1189 Id
1048 1158 1087 1189 et
1107 1151 1222 1189 nobis
1243 1150 1314 1189 erit
1330 1150 1534 1200 periucun-
1557 1167 1593 1199 15

158 1224 182 1264 7
201 1220 298 1258 dum
315 1226 353 1257 et
373 1217 443 1256 tibi
461 1230 542 1255 non
556 1230 650 1255 sane
664 1216 836 1255 devium.
896 1218 958 1254 De
979 1229 1092 1254 muro
1112 1215 1300 1265 imperavi
1319 1215 1533 1255 Philotimo

201 1298 252 1323 ne
278 1282 487 1334 impediret
508 1295 588 1332 quo
609 1281 740 1319 minus
767 1281 807 1320 id
834 1282 944 1319 fieret
970 1281 1080 1330 quod
1109 1280 1180 1319 tibi
1204 1280 1411 1319 videretur.
1471 1283 1535 1319 Tu

201 1362 345 1387 censeo
359 1356 492 1386 tamen
512 1347 702 1385 adhibeas
723 1346 914 1385 Vettium.
958 1346 1035 1384 His
1056 1345 1300 1396 temporibus
1317 1353 1395 1384 tam
1414 1346 1536 1385 dubia

201 1414 280 1453 vita
307 1412 445 1464 optimi
466 1412 658 1462 cuiusque
683 1412 814 1462 magni
843 1412 1011 1451 aestimo
1038 1412 1156 1450 unius
1182 1412 1340 1451 aestatis
1364 1414 1534 1452 fructum

201 1481 417 1530 palaestrae
450 1477 662 1525 Palatinae,
699 1479 769 1516 sed
803 1477 858 1516 ita
891 1485 1024 1516 tamen
1058 1484 1100 1516 ut
1131 1477 1229 1515 nihil
1260 1477 1390 1516 minus
1416 1477 1534 1517 velim
1557 1492 1595 1514 20

203 1557 322 1594 quarn
344 1542 607 1593 Pomponiam
628 1550 666 1581 et
686 1556 852 1593 puerum
872 1542 1014 1581 versari
1035 1542 1075 1580 in
1096 1542 1236 1582 timore
1256 1543 1402 1582 ruinae.

244 1668 287 1704 V
518 1670 589 1703 Scr.
606 1670 695 1701 Anti
711 1671 816 1701 nzc‘d'o
831 1682 874 1703 m.
894 1671 978 1712 Apr.
999 1683 1029 1703 a.
1051 1673 1110 1712 695
1130 1672 1218 1714 (59).

613 1759 790 1790 CICERO
815 1759 987 1790 ATTICO
1021 1760 1117 1791 SAL.

165 1860 183 1887 1
256 1850 387 1901 Cupio
415 1849 603 1901 equidem
632 1857 671 1888 et
700 1849 777 1888 iam
807 1850 960 1900 pridem
991 1850 1109 1900 cupio
1138 1851 1427 1889 Alexandream
1453 1850 1535 1890 reli-

201 1929 401 1966 quamque
422 1917 646 1966 Aegyptum
667 1914 792 1954 visere
818 1923 856 1954 et
883 1915 999 1954 simul
1023 1916 1073 1954 ab
1102 1917 1175 1954 hac
1196 1916 1403 1954 hominum
1425 1915 1535 1955 satie-
1557 1932 1595 1964 25

201 1988 280 2018 tate
309 1979 431 2018 nostri
461 1979 665 2018 discedere
695 1987 733 2018 et
762 1994 853 2018 cum
883 1979 1017 2030 aliquo
1046 1979 1243 2019 desiderio
1272 1980 1434 2029 reverti,·
1464 1982 1534 2020 sed

202 2046 279 2083 hoc
300 2052 477 2094 tempore
497 2052 535 2082 et
556 2044 616 2082 his
638 2044 887 2083 mittentibus

389 2110 554 2160 αἰδέομαι
582 2114 708 2160 Τρῶας
737 2111 796 2148 καὶ
824 2111 996 2162 Τρῳάδας
1024 2112 1326 2151 ἑλκεσιπέπλους.

204 2174 313 2224 Quid
338 2175 444 2214 enim
466 2175 587 2213 nostri
609 2175 830 2225 optimates,
853 2175 884 2214 si
912 2175 979 2226 qui
1003 2176 1141 2226 reliqui
1170 2183 1270 2224 sunt,
1294 2178 1535 2226 loquentur?

203 2254 253 2278 an
275 2254 337 2279 me
357 2239 490 2290 aliquo
510 2240 685 2290 praemio
706 2241 756 2279 de
777 2240 971 2279 sententia
990 2254 1075 2280 esse
1096 2242 1313 2280 deductum
1330 2243 1346 2280 ?
1554 2256 1594 2286 30

240 2354 265 2393 ‘7
291 2344 425 2417 ᾶῖἰῗιῖοό
443 2354 507 2374 om.
530 2342 584 2374 M¹
741 2355 762 2384 9
786 2344 837 2375 sac
861 2345 928 2376 cito
949 2344 1181 2376 Mendclssolm
1359 2345 1459 2377 nimis
1472 2349 1536 2378 Es:

203 2397 314 2418 minus
