1790 2837
126 905 164 927 10

587 116 700 155 EPP.
732 117 810 154 AD
840 117 1102 156 ATTICVM
1453 119 1507 157 ΙΙ.
1526 119 1603 156 xvi

184 225 304 274 Quod
331 231 547 264 extremum
571 234 652 266 est:
683 228 742 265 Te
768 227 808 265 in
829 227 1009 278 Arpinati
1029 227 1251 267 videbimus
1278 236 1317 268 et
1337 228 1508 279 hospitio

181 288 322 339 agresti
341 289 590 341 accipiemus,
614 291 802 341 quoniam
824 292 1061 330 maritimum
1082 293 1159 331 hoc
1179 292 1461 344 contempsisti.

225 405 363 442 XVII
459 409 527 442 Ser.
544 411 578 441 in
594 411 774 443 Fornu'ano
791 412 835 443 in.
854 423 900 444 m.
920 412 1000 444 Mai.
1020 423 1049 444 a.
1071 414 1127 454 695
1148 412 1234 454 (59).

592 488 766 519 CICERO
798 488 969 519 ATTICO
1003 489 1100 520 SAL.

235 564 398 602 Prorsus
436 571 478 602 ut
513 565 648 603 scribis
688 565 741 604 ita
780 565 917 613 sentio,
952 566 1128 604 turbatur
1161 565 1503 618 Sampsiceramus.
1528 581 1546 609 1

182 628 292 668 Nihil
316 637 374 668 est
399 632 507 680 quod
537 644 617 670 non
645 630 865 669 timendum
893 631 941 669 sit
949 646 959 679 ;
989 633 1292 683 ὁμολογουμένως
1317 633 1509 682 τυραννίδα

180 696 457 741 συσκευάζεται.
528 695 636 743 Quid
675 695 780 733 enim
818 696 892 734 ista
928 696 1132 746 repentina
1168 696 1381 735 adfinitatis
1419 710 1510 734 con-

181 759 340 806 iunctio,
365 760 460 810 quid
486 773 576 809 ager
604 761 841 810 Campanus,
865 761 960 811 quid
988 761 1125 800 effusio
1152 761 1343 810 pecuniae
1368 761 1510 812 signifi-

182 827 301 862 cant?
358 826 472 873 Quae
501 824 533 862 si
562 832 692 863 essent
721 833 892 864 extrema
921 833 1053 864 tamen
1082 834 1184 864 esset
1213 825 1378 864 nimium
1403 826 1506 873 mali,

183 890 252 927 sed
284 903 330 927 ea
363 897 500 927 natura
531 889 584 928 rei
619 897 677 928 est
708 898 751 928 ut
782 892 879 929 haec
910 898 1081 929 extrema
1115 905 1199 929 esse
1229 905 1310 929 non
1343 891 1505 941 possint.

184 954 292 1003 Quid
310 954 445 993 enim?
474 968 541 993 eos
558 956 654 993 haec
676 955 758 1005 ipsa
779 969 847 1005 per
868 969 908 994 se
929 957 1123 994 delectare
1144 959 1338 1006 possunt?
1387 958 1509 995 Num-

182 1033 300 1068 quam
330 1021 408 1058 huc
427 1020 625 1058 venissent
654 1020 727 1058 nisi
756 1022 807 1059 ad
837 1021 931 1059 alias
960 1035 1019 1059 res
1051 1021 1251 1071 pestiferas
1276 1021 1405 1060 aditus
1435 1020 1510 1059 sibi

182 1092 465 1134 compararent.
523 1087 682 1132 Verum,
712 1092 754 1123 ut
778 1085 925 1132 scribis,
947 1087 1045 1123 haec
1074 1085 1114 1123 in
1142 1085 1321 1135 Arpinati
1349 1099 1382 1124 a.
1405 1087 1442 1124 d.
1466 1097 1507 1123 V1

182 1149 333 1187 circiter
364 1150 460 1187 Idus
492 1149 619 1187 Maias
648 1163 729 1188 non
756 1149 1001 1197 deflebimus,
1029 1164 1078 1188 ne
1103 1157 1140 1188 et
1171 1164 1290 1200 opera
1313 1158 1351 1189 et
1375 1151 1508 1188 oleum

145 1213 418 1264 :philologiae
466 1222 621 1261 nostrae
668 1214 848 1264 perierit3
894 1216 964 1253 sed
1002 1217 1249 1253 conferemus
1296 1215 1506 1265 tranquillo

181 1280 325 1318 animo.
377 1279 429 1317 Di
454 1279 692 1318 immortales
714 1294 843 1330 neque
863 1288 943 1318 tam
964 1294 1027 1318 me
1048 1281 1263 1319 εὐελπιστία
1283 1282 1506 1318 consolatur
1525 1295 1550 1322 2

183 1352 225 1382 ut
244 1352 360 1382 antea
380 1358 499 1394 quam
522 1345 731 1395 ἀδιαφορία,
755 1358 834 1394 qua
853 1347 959 1383 nulla
979 1345 1019 1383 in
1043 1359 1082 1384 re
1110 1353 1189 1384 tam
1214 1353 1301 1384 utor
1327 1359 1445 1395 quam
1466 1345 1506 1382 in

183 1411 257 1448 hac
288 1409 390 1448 civili
424 1417 462 1449 et
493 1410 661 1460 publica.
723 1409 830 1459 Quin
865 1410 981 1448 etiam
1014 1412 1122 1460 quod
1156 1418 1214 1448 est
1248 1409 1439 1448 subinane
1469 1409 1509 1447 in

183 1475 298 1514 nobis
326 1484 363 1514 et
390 1490 471 1515 non
502 1478 729 1526 ἀφιλόδοξον
752 1476 916 1526 (bellum
939 1483 997 1513 est
1024 1475 1128 1513 enim
1151 1489 1221 1513 sua
1244 1474 1337 1512 vitia
1362 1474 1507 1524 nosse),

127 1557 140 1578 2
184 1541 225 1579 id
253 1541 433 1579 adficitur
462 1544 634 1592 quadam
667 1540 939 1580 delectatione.
999 1540 1159 1578 Solebat
1188 1539 1293 1577 enirn
1323 1552 1385 1577 me
1414 1552 1511 1589 pun-

182 1620 272 1657 gere
292 1620 342 1645 ne
363 1606 661 1657 Sampsicerami
691 1606 828 1644 merita
849 1605 888 1642 in
909 1604 1073 1654 patriam
1093 1605 1144 1642 ad
1164 1617 1289 1642 annos
1310 1610 1509 1641 sescentos

184 1672 330 1711 maiora
359 1672 582 1711 viderentur
616 1685 735 1722 quarn
771 1679 912 1710 nostra.
975 1672 1065 1708 Hac
1095 1669 1254 1719 quidem
1286 1682 1378 1706 cura
1405 1675 1509 1706 certe

183 1737 260 1775 iam
290 1751 436 1776 vacuus
466 1750 552 1776 sum
567 1752 577 1785 ς
611 1737 712 1776 iacet
742 1736 847 1775 enim
877 1735 941 1774 ille
971 1735 1025 1774 sic
1055 1742 1098 1773 ut
1128 1733 1312 1784 †phocis†
1338 1733 1509 1773 Curiana

184 1810 284 1841 stare
314 1803 500 1841 videatur.
561 1804 639 1842 Sed
669 1804 766 1841 haec
796 1815 938 1840 coram.
999 1802 1062 1839 Tu
1089 1807 1221 1838 tamen
1242 1798 1384 1837 videris
1412 1797 1507 1835 mihi
1527 1813 1551 1850 3

150 1882 163 1912 ;
187 1870 339 1906 Rornae
366 1870 447 1906 fore
473 1869 524 1906 ad
551 1875 728 1906 nostrum
749 1868 973 1912 adventurn,
998 1867 1106 1915 quod
1134 1878 1227 1902 sane
1248 1864 1360 1901 facile
1386 1863 1509 1913 patiar

185 1932 217 1972 si
237 1941 305 1972 tuo
325 1934 539 1972 commodo
560 1932 642 1971 fieri
666 1931 789 1982 possit
807 1946 816 1978 3
847 1931 905 1969 sin
930 1938 972 1968 ut
999 1929 1134 1968 scribis
1155 1929 1208 1967 ita
1227 1928 1370 1975 venies,
1392 1927 1509 1966 velim

185 2012 232 2037 ex
250 1999 498 2048 Theophane
521 1997 718 2047 expiscere
744 2009 918 2046 quonam
947 1994 986 2033 in
1020 2008 1082 2033 me
1108 1994 1242 2032 animo
1271 1993 1319 2031 sit
1347 1993 1512 2031 Arabar-

186 2064 290 2102 ches.
348 2064 524 2111 Quaeres
545 2061 692 2101 scilicet
719 2063 811 2099 κατὰ
835 2062 878 2099 τὸ
908 2060 1144 2110 κηδεμονικὸν
1166 2066 1205 2097 et
1227 2059 1279 2097 ad
1303 2071 1366 2096 me
1391 2058 1442 2095 ab
1462 2071 1511 2096 eo

231 2175 250 2204 5
284 2165 438 2196 turbatur
476 2164 589 2197 codd:
628 2165 739 2195 turbat
772 2163 876 2194 Pius:
915 2161 1065 2193 turbator
1094 2161 1216 2192 Iunius
1364 2169 1401 2197 13
1437 2163 1511 2189 anle

186 2209 313 2240 Verum
330 2208 529 2248 transposuit
544 2208 587 2238 Di
606 2207 809 2238 immortales
834 2206 867 2236 (l.
891 2206 945 2245 16)
963 2205 1170 2244 Hervagius:
1203 2208 1277 2235 ante
1300 2204 1412 2233 animo
1428 2202 1512 2234 Reid

191 2262 228 2290 15
254 2252 464 2282 conferemus
481 2254 549 2281 vett.
569 2262 577 2283 :
601 2250 811 2281 conseramus
829 2249 869 2278 M
977 2259 1017 2287 23
1043 2259 1114 2278 sum
1135 2248 1181 2278 C:
1206 2253 1257 2278 est
1274 2246 1315 2276 M
1393 2246 1511 2276 πτῶσις

187 2295 328 2326 Bosius:
355 2295 444 2332 ῥῆσις
459 2294 552 2325 Seeck
676 2304 716 2333 27
742 2293 920 2331 expiscere
942 2293 1035 2322 Victa
1061 2292 1239 2330 exspicere
1267 2290 1314 2320 C:
1338 2289 1509 2326 respicere

189 2338 230 2368 M
254 2338 325 2378 (sed
346 2348 396 2368 re·
421 2338 455 2368 in
483 2336 616 2377 rasura)
767 2336 976 2366 Alabarches
1002 2335 1042 2373 Z,
1067 2335 1104 2373 cf.
1133 2334 1280 2364 Brcmdis
1310 2339 1360 2374 ap.
1385 2332 1509 2372 Pauly-

193 2380 350 2412 Wtssowa
375 2381 407 2412 ii.
432 2390 496 2420 343
660 2380 703 2410 28
726 2380 858 2411 scilicet
875 2384 910 2409 ut
926 2379 1018 2410 soles
1035 2376 1116 2409 κατὰ
1133 2372 1177 2409 Zb

232 2445 295 2467 clc.
316 2445 362 2466 An
379 2444 453 2467 ΛΠ.
1401 2431 1422 2463 5
