1817 2832
163 139 211 176 V.
232 137 279 176 iv
634 138 690 175 M.
723 136 892 174 TVLLI
923 136 1230 176 CICERONIS

229 411 248 438 1

212 1392 238 1421 2

309 244 376 280 IV
583 246 652 278 Ser.
673 246 849 277 Beneventi
860 246 892 277 iv
909 245 959 279 Id.
977 245 1058 277 Mai.
1077 256 1106 277 a.
1129 255 1182 286 705
1202 245 1288 287 (51).

679 324 855 355 CICERO
880 323 1052 354 ATTICO
1079 323 1178 355 SAL.

319 403 592 440 Beneventum
624 400 714 439 veni
747 414 780 438 a.
813 401 850 439 d.
883 412 908 437 v
936 401 1033 438 Idus
1066 399 1206 438 Maias.
1265 399 1328 439 Ibi
1360 400 1495 451 accepi
1530 413 1594 439 eas

264 466 410 505 litteras
432 480 529 516 quas
550 474 592 505 tu
614 465 880 516 superioribus
901 465 1037 503 litteris
1059 465 1344 515 significaveras
1366 473 1403 504 te
1424 466 1594 513 dedisse,

263 534 314 571 ad
342 546 439 582 quas
469 546 542 582 ego
571 546 619 571 eo
649 532 735 583 ipso
765 532 830 570 die
857 532 1045 570 dederam
1072 545 1119 569 ex
1139 532 1367 570 Trebulano
1390 545 1413 569 a
1437 532 1590 570 Pontio.
1615 546 1631 578 5

262 599 323 636 Ac
355 597 467 636 binas
499 598 661 648 quidem
695 605 781 635 tuas
822 597 1039 636 Beneventi
1077 596 1212 647 accepi
1252 610 1416 647 quarum
1454 599 1593 635 alteras

264 662 528 701 Funisulanus
556 665 680 701 multo
708 676 824 701 mane
852 662 948 700 mihi
971 662 1090 709 dedit,
1114 664 1253 700 alteras
1280 662 1407 700 scriba
1426 662 1589 701 Tullius.

262 729 492 768 Gratissima
513 737 570 768 est
597 728 694 767 mihi
717 736 784 767 tua
810 742 903 767 cura
927 729 977 766 de
1003 727 1069 766 illo
1094 741 1184 766 meo
1211 727 1337 777 primo
1361 735 1399 766 et
1420 728 1592 767 maximo

261 795 450 833 mandato
464 809 474 842 3
504 796 574 833 sed
596 802 662 832 tua
682 793 874 844 profectio
895 807 1006 844 spem
1024 807 1153 831 meam
1174 792 1363 831 debilitat.
1422 795 1482 831 Ac
1502 797 1590 833 †me

259 859 324 898 ille
344 859 440 899 illud
461 861 601 908 labat†‚
625 874 706 898 non
728 873 872 910 quo——,
897 860 967 897 sed
988 858 1123 909 inopia
1142 858 1319 908 cogimur
1345 872 1392 897 eo
1413 858 1590 897 contenti
1613 875 1650 897 10

259 938 353 963 esse.
416 927 478 964 De
516 925 583 964 illo
621 927 743 963 altero
777 938 896 974 quem
936 923 1072 962 scribis
1110 923 1181 962 tibi
1219 923 1345 961 visum
1384 938 1469 962 esse
1508 938 1589 963 non

258 988 442 1037 alienum,
476 1003 611 1029 vereor
641 988 788 1028 adduci
817 996 860 1027 ut
888 996 1020 1027 nostra
1049 988 1184 1038 possit,
1216 996 1254 1026 et
1284 996 1325 1026 tu
1358 988 1415 1027 ais
1447 990 1590 1028 δυσδιά-

257 1073 425 1108 γνωστον
450 1070 547 1095 esse.
620 1054 820 1105 Equidem
850 1068 937 1092 sum
967 1053 1100 1100 facilis,
1134 1055 1203 1092 sed
1231 1061 1272 1092 tu
1301 1054 1428 1093 aberis
1458 1063 1496 1094 et
1525 1070 1589 1095 me

255 1122 419 1161 absente
440 1135 499 1160 res
524 1122 700 1159 haerebit.
762 1120 944 1158 Habebis
966 1119 1043 1158 mei
1063 1119 1266 1158 rationem.
1327 1121 1431 1158 Nam
1455 1129 1589 1171 posset

256 1186 416 1237 aliquid,
449 1187 480 1225 si
507 1186 650 1225 utervis
680 1193 859 1224 nostrum
889 1186 1056 1231 adesset,
1088 1192 1228 1234 agente
1263 1185 1423 1223 Servilia
1455 1186 1588 1225 Servio
1612 1204 1649 1237 ¹5

256 1251 339 1290 fieri
370 1252 584 1302 probabile.
645 1253 764 1290 Nunc
796 1250 828 1289 si
866 1250 944 1289 iam
976 1264 1035 1289 res
1074 1252 1237 1301 placcat,
1273 1251 1416 1300 agendi
1455 1259 1587 1290 tamen

256 1315 359 1354 viam
389 1331 469 1355 non
499 1317 626 1356 video.

311 1383 431 1421 Nunc
464 1382 580 1420 venio
613 1383 664 1420 ad
700 1395 787 1420 eam
822 1381 1032 1432 epistulam
1067 1395 1187 1431 quam
1219 1381 1354 1432 accepi
1388 1396 1410 1420 a
1441 1383 1586 1422 Tullio.

257 1448 319 1485 De
356 1449 546 1486 Marcello
580 1447 705 1486 fecisti
737 1446 955 1497 diligenter.
1016 1446 1140 1496 Igitur
1172 1455 1329 1485 senatus
1361 1450 1585 1486 consultum

255 1512 287 1551 si
318 1513 388 1552 erit
422 1515 579 1561 factum,
610 1512 755 1551 scribes
785 1513 836 1550 ad
867 1526 931 1550 me
946 1527 956 1559 3
986 1512 1016 1550 si
1048 1512 1188 1559 minus,
1221 1527 1303 1551 rem
1334 1520 1465 1551 tamen
1496 1528 1586 1552 con-
1608 1533 1646 1553 20

253 1578 386 1626 ficies3
415 1578 511 1616 mihi
532 1578 638 1617 enim
658 1577 817 1616 attribui
838 1577 1047 1626 oportebit,
1070 1577 1165 1615 item
1187 1577 1343 1617 Bibulo.
1402 1580 1479 1617 Sed
1504 1593 1585 1618 non

252 1643 394 1682 dubito
415 1643 510 1693 quin
537 1650 695 1681 senatus
721 1644 945 1680 consultum
974 1642 1202 1692 expeditum
1230 1643 1278 1681 sit
1306 1643 1345 1680 in
1373 1657 1453 1693 quo
1478 1658 1586 1695 prae-

252 1708 385 1747 sertim
412 1708 460 1746 sit
486 1707 769 1758 compendium
799 1707 946 1757 populi.
1009 1709 1071 1746 De
1097 1709 1300 1757 Torquato
1327 1710 1460 1758 probe.
1522 1712 1584 1749 De

253 1775 422 1812 Masone
442 1781 481 1812 et
502 1773 653 1823 Ligure,
678 1786 768 1810 cum
791 1772 978 1810 venerint.
1040 1775 1102 1811 De
1123 1773 1189 1811 illo
1210 1775 1319 1823 quod
1336 1774 1582 1825 Chaerippus

252 1838 457 1890 (quoniam
492 1838 556 1876 hic
585 1852 745 1888 quoque
780 1841 1006 1889 πρόσνευσιν
1040 1839 1257 1890 sustulisti),
1295 1854 1318 1878 o
1356 1840 1580 1890 provincia!
1603 1854 1642 1886 25

249 1902 421 1942 etiamne
447 1903 511 1942 hic
538 1903 634 1941 mihi
663 1906 859 1943 curandus
885 1907 973 1943 est?
1006 1907 1203 1944 curandus
1230 1912 1362 1943 autem
1390 1907 1581 1944 hactenus

248 1981 299 2006 ne
328 1968 424 2018 quid
452 1969 503 2007 ad
533 1976 714 2007 senatum
749 1971 933 2008 ‘consule
952 1971 980 2008 1'
1010 1977 1077 2008 aut
1107 1972 1336 2008 ‘numeral'
1395 1972 1500 2009 Nam
1530 1972 1581 2009 de

247 2033 534 2072 ceteris—sed
574 2041 707 2073 tamen
747 2036 970 2082 commode,
1013 2036 1122 2085 quod
1161 2049 1251 2073 cum
1295 2037 1439 2075 Scrofa.
1518 2038 1580 2074 De

289 2146 309 2174 9
333 2147 385 2166 me
411 2136 465 2167 ille
493 2136 574 2168 illud
597 2139 686 2177 quod
714 2138 804 2168 labat
822 2133 922 2167 Zsz
947 2147 999 2166 me
1025 2137 1079 2167 illc
1105 2137 1186 2168 illud
1210 2137 1253 2167 M
1276 2138 1398 2179 (marg.
1423 2149 1477 2170 me
1499 2139 1578 2170 illud

246 2179 380 2219 quidem
399 2179 502 2219 labat)
519 2192 525 2211 :
551 2182 595 2211 mi
614 2181 669 2211 ille
688 2182 822 2220 quidem
847 2181 955 2219 placet
981 2179 1187 2221 lVesenbmg:
1212 2182 1254 2212 de
1276 2182 1332 2213 illo
1349 2183 1426 2213 illuc
1443 2182 1578 2222 quidem

246 2223 340 2254 labor
367 2223 497 2262 Kayser
644 2232 681 2260 13
706 2232 779 2252 sum
814 2222 919 2253 facilis
952 2233 1015 2253 om.
1054 2223 1110 2252 M¹
1263 2234 1300 2263 14
1327 2235 1381 2255 res
1413 2225 1579 2257 haerebit.

249 2266 401 2297 Habebis
427 2266 491 2296 mei
517 2266 683 2296 rationem
706 2265 843 2295 Falmer
857 2265 999 2295 Mt'c‘ller:
1036 2277 1090 2296 rcs
1116 2266 1256 2298 habebis
1281 2268 1494 2299 mirationem
1516 2269 1580 2300 M:

248 2309 393 2340 ‘Sensus
412 2310 544 2348 lzocsere
561 2309 690 2348 requirit
705 2309 780 2348 quis
802 2309 936 2339 habebit
954 2310 1018 2339 mei
1037 2310 1203 2340 rationem
1215 2312 1224 2341 ἓ
1238 2310 1245 2321 '
1284 2311 1402 2343 Orelli:
1417 2313 1497 2351 sort.
1522 2323 1578 2343 res

247 2354 385 2384 habebit
417 2353 611 2384 dilationem
769 2362 806 2392 15
821 2352 901 2391 sort.
936 2364 955 2383 a
987 2354 1105 2383 Servio
1251 2356 1289 2384 18
1314 2365 1388 2385 eam
1415 2358 1438 2386 Σ
1466 2356 1579 2388 Cum:

246 2397 334 2427 illam
352 2401 381 2427 Δ
513 2406 554 2436 27
580 2407 622 2427 ne
640 2396 719 2436 quid
737 2395 788 2426 M*
806 2407 813 2427 z
838 2400 873 2426 ut
891 2396 969 2435 quid
990 2395 1062 2426 M‘·':
1088 2407 1131 2427 nc
1148 2397 1223 2436 quis
1243 2397 1425 2429 Gronovius
