1817 2832
656 123 770 160 EPP.
802 123 880 160 AD
914 122 1175 161 ATTICVM
1518 120 1590 158 VI.
1613 119 1692 157 viii

234 246 294 271 res
325 234 537 281 Romanas,
567 232 700 272 videas
729 233 826 284 quid
855 232 970 272 nobis
999 234 1050 272 de
1079 232 1279 283 triumpho
1308 231 1564 282 cogitandum

233 306 346 347 putes
375 299 426 336 ad
455 312 574 348 quem
603 298 720 337 amici
749 312 813 337 me
841 305 994 337 vocant.
1068 299 1154 348 Ego
1184 297 1256 335 nisi
1288 297 1453 336 Bibulus
1483 297 1563 347 qui,

232 362 329 400 dum
350 376 451 400 unus
472 362 594 401 hostis
616 363 656 400 in
677 362 785 413 Syria
804 362 885 409 fuit,
909 363 1053 413 pedem
1074 369 1186 412 porta
1213 376 1292 400 non
1314 364 1401 412 plus
1426 361 1563 400 extulit

233 440 352 477 quam
386 429 508 466 domo
546 442 625 475 sua,
658 428 898 467 adniteretur
936 429 987 467 de
1025 427 1237 477 triumpho,
1269 440 1397 477 aequo
1427 426 1562 465 animo

192 506 209 538 5
233 505 370 531 essem.
418 494 537 532 Nunc
557 507 648 532 vero
668 495 827 545 αἰσχρὸν
845 496 1002 531 σιωπᾶν.
1043 493 1122 532 Sed
1143 494 1301 542 explora
1320 506 1401 530 rem
1423 499 1562 540 totam,

233 565 275 596 ut
295 571 376 608 quo
396 558 461 597 die
481 558 678 608 congressi
698 558 842 597 erimus
863 557 1072 596 consilium
1093 571 1232 607 capere
1252 557 1459 607 possimus.

287 623 354 661 Sat
375 624 507 670 multa,
530 623 597 673 qui
624 631 662 661 et
688 636 936 673 properarem
956 630 995 661 et
1015 621 1051 661 ei
1078 621 1223 660 litteras
1249 622 1383 660 darem
1404 621 1471 672 qui
1495 629 1562 661 aut

232 700 388 725 mecum
409 696 475 726 aut
496 689 613 738 paulo
633 695 724 727 ante
745 696 930 726 venturus
950 694 1062 726 esset.
1101 687 1241 726 Cicero
1262 686 1332 724 tibi
1351 686 1561 737 plurimam

231 753 396 791 salutern
417 753 521 792 dicit.
581 755 644 792 Tu
664 753 772 793 dices
799 752 1000 804 utriusque
1021 759 1199 793 nostrum
1225 751 1353 791 verbis
1373 759 1411 791 et
1438 751 1560 792 Piliae

171 829 212 852 10
231 824 320 856 tuae
340 825 379 856 et
399 818 511 858 filiae.

270 960 338 995 IX
592 964 661 997 Scr.
682 964 822 996 Athenis
835 963 888 996 Id.
907 964 974 996 Oct.
994 974 1025 996 α.
1046 974 1106 1005 704
1126 964 1208 1006 (50).

641 1052 817 1084 CICERO
841 1052 1016 1084 ATTICO
1042 1052 1139 1085 SAL.

284 1142 333 1180 In
359 1141 519 1181 Piraeea
548 1154 637 1180 cum
666 1141 833 1181 exissem
860 1141 985 1192 pridie
1013 1143 1110 1181 Idus
1139 1141 1314 1189 Octobr„
1346 1140 1481 1191 accepi
1502 1141 1552 1180 ab
1574 1155 1590 1182 1

226 1209 374 1246 Acasto
395 1221 506 1246 servo
528 1220 616 1246 meo
646 1207 777 1246 statim
798 1214 884 1246 tuas
914 1206 1070 1246 litteras.
1131 1209 1240 1257 Quas
1270 1206 1432 1257 quidem
1461 1219 1553 1245 cum

168 1287 204 1319 ¹5
225 1280 512 1323 exspectassem
543 1272 619 1310 iam
650 1272 732 1320 diu,
760 1272 975 1312 admiratus
1003 1286 1104 1321 sum,
1125 1280 1167 1311 ut
1195 1271 1276 1310 vidi
1305 1271 1551 1322 obsignatam

224 1337 446 1387 epistulam,
469 1336 702 1375 brevitatem
732 1336 829 1385 eius,
850 1344 893 1375 ut
921 1337 1067 1387 aperui,
1090 1350 1220 1376 rursus
1248 1338 1435 1389 σύγχυσιν
1455 1336 1553 1375 litte-

222 1404 407 1450 rularum,
439 1402 531 1452 quia
563 1403 690 1440 solent
724 1409 814 1440 tuae
844 1401 1199 1452 compositissimae
1238 1409 1276 1440 et
1315 1401 1549 1441 clarissimae

222 1481 321 1516 esse,
356 1481 415 1516 ac,
447 1482 497 1506 ne
530 1469 662 1514 multa,
694 1467 862 1518 cognovi
891 1481 938 1508 ex
967 1480 1015 1506 eo
1045 1468 1153 1517 quod
1191 1467 1245 1505 ita
1273 1467 1480 1517 scripseras
1512 1474 1549 1505 te

222 1534 395 1570 Romam
424 1532 578 1570 venisse
606 1546 639 1570 a.
663 1533 700 1571 d.
724 1543 784 1570 ΧΠ
816 1533 904 1570 Kal.
928 1533 1016 1571 Oct.
1046 1545 1137 1571 cum
1168 1531 1276 1570 febri.
1337 1534 1549 1570 Percussus

162 1612 203 1635 πο
220 1598 473 1635 vehementer
493 1610 566 1635 nec
587 1596 710 1647 magis
731 1610 849 1646 quam
864 1596 998 1644 debui,
1012 1596 1143 1635 statim
1158 1610 1304 1646 quaero
1325 1610 1371 1635 ex
1387 1597 1546 1635 Acasto.

221 1663 293 1700 Ille
321 1670 359 1701 et
389 1662 460 1700 tibi
489 1669 527 1700 et
558 1661 632 1700 sibi
653 1661 779 1700 visum
810 1668 848 1700 et
877 1661 930 1700 ita
959 1674 1001 1700 se
1028 1660 1138 1700 domi
1166 1674 1212 1700 ex
1233 1660 1308 1699 tuis
1328 1660 1485 1699 audisse
1505 1668 1548 1700 ut

219 1726 315 1764 nihil
344 1734 446 1765 esset
466 1726 731 1765 incommode.
792 1727 841 1766 Id
860 1726 1066 1765 videbatur
1093 1726 1311 1777 approbare
1338 1727 1445 1777 quod
1467 1734 1547 1765 erat

217 1789 258 1828 in
279 1799 465 1839 extremo,
487 1790 717 1829 febriculam
739 1798 822 1829 tum
844 1798 882 1830 te
903 1791 1116 1830 habentem
1140 1790 1348 1841 scripsisse.
1409 1792 1486 1829 Sed
1508 1798 1546 1829 te

217 1854 344 1892 amavi
374 1862 506 1894 tamen
536 1855 832 1906 admiratusque
862 1869 949 1894 sum
972 1857 1080 1906 quod
1111 1855 1235 1894 nihilo
1260 1855 1389 1894 minus
1409 1857 1460 1894 ad
1482 1870 1545 1895 me

158 1934 196 1966 25
218 1926 284 1957 tua
305 1933 424 1957 manu
445 1919 673 1969 scripsisses.
734 1921 825 1969 Qua
854 1934 894 1958 re
924 1921 974 1959 de
1004 1921 1081 1959 hoc
1111 1920 1212 1958 satis.
1273 1921 1394 1970 Spero
1424 1920 1543 1970 enim,

216 1996 317 2033 quae
347 1992 413 2022 tua
442 1984 649 2034 prudentia
678 1992 717 2023 et
746 1985 1004 2035 temperantia
1034 1992 1104 2032 est,
1136 1991 1172 2023 el
1203 1986 1373 2034 hercule,
1408 1994 1449 2024 ut
1480 2000 1542 2025 me

215 2048 324 2087 iubet
344 2051 522 2097 Acastus,
546 2050 705 2088 confido
727 2057 764 2088 te
785 2049 862 2087 iam
883 2058 925 2088 ut
947 2051 1127 2089 volumus
1149 2052 1286 2089 valere.

258 2161 278 2190 3
301 2152 408 2182 hostis
435 2151 531 2183 Vim:
556 2152 672 2191 hospis
689 2145 751 2182 Zl:
774 2152 902 2191 hospes
921 2152 960 2182 M
1111 2164 1131 2192 4
1155 2154 1188 2184 si
1200 2153 1331 2193 aliquid
1349 2153 1452 2184 deesse
1466 2159 1542 2185 ante

214 2195 312 2225 domo
325 2199 472 2235 putatur,
493 2195 683 2225 addendum
699 2199 744 2226 est
759 2196 809 2226 vel
829 2195 917 2226 domi
942 2195 991 2226 vel
1015 2196 1137 2226 modo:
1164 2197 1238 2227 add.
1258 2197 1374 2227 consul
1390 2198 1439 2228 vel
1459 2198 1538 2229 olim

211 2237 334 2270 Sclu‘c'lz
464 2249 480 2277 7
507 2239 566 2269 Sat
581 2237 722 2270 selune:
746 2243 780 2270 at
802 2239 845 2269 M
984 2249 1019 2278 r7
1044 2240 1124 2278 quia
1139 2240 1259 2271 Klotz:
1282 2251 1368 2279 quae
1385 2240 1431 2281 M,
1452 2242 1542 2281 quod

214 2282 342 2312 retinen·
353 2285 457 2321 potest
471 2283 502 2311 si
515 2287 593 2312 tuae
610 2283 720 2312 eim'tur
848 2293 889 2313 22
914 2283 1116 2314 incommodi
1138 2282 1303 2324 Vollgraff
1427 2295 1478 2324 23,
1495 2295 1536 2325 24

214 2325 282 2355 Sed
302 2330 334 2355 te
351 2326 458 2355 amavi
481 2326 560 2355 coni.
582 2325 776 2367 Wesenberg,
796 2325 862 2358 coll.
880 2326 975 2358 Fam.
997 2327 1015 2357 i.
1038 2336 1064 2365 7.
1084 2336 1105 2366 9
1123 2338 1129 2357 :
1152 2328 1213 2358 sed
1231 2327 1370 2359 clamavi
1393 2327 1433 2358 M
1443 2340 1450 2359 :
1474 2330 1535 2360 sed

211 2369 363 2399 deamavi
380 2368 458 2399 coni.
475 2368 599 2399 Mallcr
