1790 2837
158 137 189 175 Ι.

155 257 179 294 3

164 1171 182 1197 1

154 1757 180 1786 2

157 2212 182 2252 3
256 2204 318 2243 De
338 2202 552 2242 litterarum
573 2201 761 2241 missione
782 2201 867 2240 sine
887 2214 1004 2240 causa
1023 2201 1094 2240 abs
1118 2208 1156 2240 te
1176 2214 1349 2239 accusor.

207 135 255 173 iv
568 134 625 173 M.
656 102 826 171 TVLLi
858 130 1163 171 CICERONIS

255 247 376 296 Quod
396 247 447 285 ad
469 259 532 285 me
552 245 604 284 de
625 245 902 283 Hermathena
921 240 1068 289 scribis,
1083 254 1153 292 per
1168 238 1265 279 mihi
1285 245 1437 290 gratum
1458 244 1526 278 est.

200 313 272 350 Est
309 318 586 351 ornamentum
629 308 872 348 Academiae
920 306 1122 358 proprium
1171 319 1293 352 meae,
1339 305 1448 359 quod
1492 310 1531 342 et

200 378 372 416 Hermes
404 389 617 415 commune
656 374 836 414 omnium
874 381 913 413 et
948 372 1129 412 Minerva
1159 371 1353 421 singulare
1384 377 1443 409 est
1476 369 1532 407 in-

199 442 308 492 signe
321 441 406 480 eius
418 440 606 491 gymnasi.
668 442 760 489 Qua
778 453 819 479 re
838 438 966 486 velim,
985 445 1028 476 ut
1049 436 1199 484 scribis,
1216 435 1353 475 ceteris
1370 447 1530 485 quoque

199 507 315 546 rebus
342 520 462 557 quam
489 505 668 557 plurimis
697 519 788 544 eum
815 506 948 543 locum
978 516 1103 542 ornes.
1165 503 1279 551 Quae
1300 499 1396 538 mihi
1416 507 1532 538 antea

199 572 310 622 signa
336 571 485 618 misisti,
509 585 556 610 ea
584 572 765 610 nondum
794 569 874 609 vidi
889 584 899 617 3
929 569 969 607 in
999 567 1211 607 Formiano
1232 573 1333 613 sunt,
1358 578 1437 615 quo
1458 578 1531 615 ego

199 651 306 677 nunc
347 636 544 688 proficisci
582 636 816 686 cogitabam.
895 636 969 673 Illa
1008 632 1142 672 omnia
1180 632 1221 670 in
1260 632 1531 669 Tusculanum

199 703 430 754 deportabo.
490 702 680 749 Caietam,
705 701 736 743 si
757 702 920 752 quando
939 701 1142 739 abundare
1164 710 1343 748 coepero,
1368 696 1528 735 ornabo.

199 768 340 807 Libros
362 776 450 807 tuos
471 781 660 807 conserva
680 774 718 805 et
739 766 819 805 noli
847 767 1056 816 desperare
1084 777 1153 803 eos
1183 777 1239 802 me
1265 776 1375 801 meos
1404 763 1531 800 facere

198 847 325 885 posse.
387 835 508 884 Quod
540 833 571 872 si
601 834 809 883 adsequor,
847 844 990 882 supero
1024 832 1211 871 Crassum
1238 827 1383 868 divitiis
1412 835 1530 878 atque

199 899 378 939 omnium
399 899 508 939 vicos
527 907 565 939 et
585 906 695 952 prata
715 905 941 938 contemno.

243 1012 284 1044 V
560 1012 631 1044 Scr.
651 1011 782 1042 Romae
797 1011 888 1042 z'm'tz'o
904 1010 988 1041 anni
1001 1012 1064 1050 687
1082 1011 1167 1050 (67).

616 1083 795 1115 CICERO
817 1083 990 1114 ATTICO
1016 1083 1115 1114 SAL.

254 1158 458 1206 Quantum
473 1158 651 1196 dolorem
665 1156 884 1207 acceperim
902 1163 940 1194 et
961 1163 1110 1206 quanto
1130 1156 1256 1194 fructu
1274 1154 1346 1193 sim
1360 1154 1532 1205 privatus

197 1230 237 1262 et
263 1222 407 1262 forensi
437 1230 475 1262 et
504 1221 726 1262 domestico
748 1221 846 1260 Luci
876 1221 1000 1259 fratris
1029 1220 1151 1259 nostri
1181 1228 1306 1260 morte
1336 1220 1376 1258 in
1398 1219 1532 1270 primis

197 1301 268 1338 pro
303 1295 436 1326 nostra
466 1286 755 1326 consuetudine
787 1294 828 1324 tu
863 1286 1083 1326 existimare
1111 1293 1234 1336 potes.
1296 1287 1400 1324 Nam
1436 1284 1533 1332 mihi

198 1352 333 1392 omnia
371 1366 472 1402 quae
510 1352 685 1391 iucunda
719 1365 765 1390 ex
803 1351 1048 1389 humanitate
1082 1350 1240 1390 alterius
1279 1358 1318 1389 et
1356 1350 1532 1389 moribus

197 1417 351 1458 homini
379 1417 559 1456 accidere
585 1424 751 1468 possunt
782 1430 830 1455 ex
858 1415 925 1455 illo
954 1415 1199 1455 accidebant.
1261 1417 1353 1465 Qua
1381 1430 1421 1454 re
1450 1429 1532 1454 non

198 1483 339 1524 dubito
360 1483 456 1535 quin
478 1483 549 1523 tibi
570 1497 729 1533 quoque
750 1482 790 1521 id
807 1483 1018 1520 molestum
1040 1481 1099 1529 sit,
1118 1495 1209 1520 cum
1230 1489 1268 1520 et
1285 1495 1374 1520 meo
1395 1482 1532 1520 dolore

198 1562 380 1589 moveare
401 1556 439 1587 et
460 1548 542 1598 ipse
564 1548 672 1586 omni
689 1547 829 1587 virtute
850 1547 1060 1597 officioque
1081 1546 1373 1585 ornatissimum
1395 1546 1531 1596 tuique

199 1622 237 1654 et
258 1627 327 1653 sua
348 1620 489 1663 sponte
505 1620 543 1654 et
565 1626 654 1652 meo
671 1626 852 1652 sermone
867 1619 1068 1651 amantem
1089 1612 1262 1650 adfinem
1279 1611 1532 1662 amicumque

197 1678 384 1720 amiseris.

254 1745 376 1795 Quod
405 1745 456 1782 ad
485 1757 548 1782 me
579 1743 716 1783 scribis
748 1745 798 1782 de
835 1757 966 1783 sorore
994 1751 1070 1790 tua,
1106 1742 1214 1782 testis
1247 1742 1317 1782 erit
1348 1742 1418 1782 tibi
1448 1742 1533 1792 ipsa

199 1817 369 1860 quantae
394 1808 490 1849 mihi
521 1822 635 1848 curae
665 1808 778 1847 fuerit
809 1817 850 1848 ut
873 1808 1012 1858 Quinti
1042 1808 1165 1846 fratris
1194 1808 1349 1847 animus
1374 1808 1414 1845 in
1444 1821 1531 1846 eam

198 1883 301 1915 esset
334 1875 366 1913 is
405 1875 472 1925 qui
504 1889 590 1914 esse
621 1875 792 1913 deberet.
866 1876 996 1923 Quem
1031 1888 1122 1913 curn
1157 1888 1241 1913 esse
1280 1873 1530 1912 offensiorem

197 1941 411 1988 arbitrarer,
435 1955 502 1980 eas
527 1941 673 1979 litteras
698 1943 750 1979 ad
780 1955 870 1980 eum
903 1940 990 1979 misi
1020 1940 1164 1990 quibus
1195 1947 1233 1979 et
1264 1941 1460 1990 placarem
1490 1945 1532 1976 ut

198 2008 355 2045 fratrem
376 2014 415 2046 et
435 2020 637 2045 monerem
659 2014 701 2045 ut
722 2006 915 2044 minorem
937 2013 975 2044 et
995 2005 1241 2055 obiurgarem
1262 2012 1305 2043 ut
1325 2011 1529 2043 errantem.

201 2073 342 2121 Itaque
362 2085 409 2110 ex
429 2071 475 2110 iis
493 2076 601 2122 ²quae
628 2079 766 2121 postea
792 2085 910 2121 saepe
938 2071 989 2109 ab
1019 2084 1067 2109 eo
1096 2071 1146 2109 ad
1177 2084 1240 2109 me
1269 2069 1413 2119 scripta
1441 2075 1532 2107 sunt

200 2138 361 2176 confido
381 2136 434 2175 ita
454 2150 540 2175 esse
561 2136 695 2175 onmia
716 2143 758 2174 ut
779 2144 817 2175 et
839 2143 1017 2186 oporteat
1038 2143 1076 2174 et
1096 2135 1271 2174 velimus.

243 2316 262 2339 2
287 2312 339 2338 est
361 2306 566 2347 chsenberg:
592 2311 626 2336 et
642 2305 753 2337 codd:
779 2306 843 2336 erit
860 2305 963 2337 Meicr
1046 2316 1066 2345 3
1092 2306 1226 2344 insigne
1248 2299 1347 2336 §ZbL
1366 2303 1506 2345 (marg.)
1524 2314 1531 2334 ε

200 2361 264 2381 om.
286 2356 313 2380 Δ
446 2352 466 2380 8
491 2350 690 2381 Caietanum
708 2350 867 2390 Pht->gers
1011 2360 1032 2387 9
1057 2360 1110 2380 me
1128 2350 1202 2380 add.
1223 2349 1342 2379 Lamb.
1489 2357 1532 2386 30

199 2394 450 2478 iln‘tzerrgiisgone
467 2393 624 2436 Bembus,
642 2393 701 2426 sed
723 2393 793 2426 vide
817 2393 945 2426 doctam
968 2392 1102 2425 Malla—ri
1115 2393 1192 2425 adn.
1211 2392 1303 2435 apud
1323 2390 1535 2424 Fm'edlc'inder

1551 518 1568 549 5

1555 843 1589 866 10

1555 1236 1591 1268 15

1554 1562 1592 1583 20

1553 1887 1589 1918 25

1409 2200 1532 2238 Num·
1551 2212 1591 2243 30
