<?xml version="1.0" encoding="UTF-8"?>
<!DOCTYPE html PUBLIC "-//W3C//DTD XHTML 1.0 Transitional//EN"
    "http://www.w3.org/TR/xhtml1/DTD/xhtml1-transitional.dtd">
<html xmlns="http://www.w3.org/1999/xhtml" xml:lang="en" lang="en">
 <head>
  <title>
</title>
<meta http-equiv="Content-Type" content="text/html;charset=utf-8" />
  <meta name='ocr-system' content='tesseract 3.04.00' />
  <meta name='ocr-capabilities' content='ocr_page ocr_carea ocr_par ocr_line ocrx_word'/>
</head>
<body>
  <div class='ocr_page' id='page_1' title='image "./epistulaerecogno0201ciceuoft_0124.png"; bbox 0 0 1817 2832; ppageno 0'>
   <div class='ocr_carea' id='block_1_1' title="bbox 120 139 1205 181">
    <p class='ocr_par' dir='ltr' id='par_1_1' title="bbox 120 139 1205 181">
     <span class='ocr_line' id='line_1_1' title="bbox 120 139 1205 181; baseline 0.005 -5"><span class='ocrx_word' id='word_1_1' title='bbox 120 139 197 177; x_wconf 86' lang='grc' dir='ltr'>ΙΙΙ.</span> <span class='ocrx_word' id='word_1_2' title='bbox 217 139 327 177; x_wconf 86' lang='lat' dir='ltr'>xxiii</span> <span class='ocrx_word' id='word_1_3' title='bbox 610 140 666 179; x_wconf 92' lang='lat' dir='ltr'>M.</span> <span class='ocrx_word' id='word_1_4' title='bbox 698 141 868 179; x_wconf 93' lang='lat' dir='ltr'>TVLLI</span> <span class='ocrx_word' id='word_1_5' title='bbox 899 141 1205 181; x_wconf 87' lang='lat' dir='ltr'>CICERONIS</span> 
     </span>
    </p>
   </div>
   <div class='ocr_carea' id='block_1_2' title="bbox 194 251 1635 1998">
    <p class='ocr_par' dir='ltr' id='par_1_2' title="bbox 194 251 1635 1998">
     <span class='ocr_line' id='line_1_2' title="bbox 241 251 1575 303; baseline 0.001 -12"><span class='ocrx_word' id='word_1_6' title='bbox 241 265 362 303; x_wconf 87' lang='lat' dir='ltr'>quom</span> <span class='ocrx_word' id='word_1_7' title='bbox 383 260 422 291; x_wconf 90' lang='lat' dir='ltr'>et</span> <span class='ocrx_word' id='word_1_8' title='bbox 438 266 476 291; x_wconf 88' lang='lat' dir='ltr'>re</span> <span class='ocrx_word' id='word_1_9' title='bbox 497 266 586 290; x_wconf 80' lang='lat' dir='ltr'>vera</span> <span class='ocrx_word' id='word_1_10' title='bbox 602 251 655 290; x_wconf 85' lang='lat' dir='ltr'>ita</span> <span class='ocrx_word' id='word_1_11' title='bbox 680 251 728 290; x_wconf 85' lang='lat' dir='ltr'>Sit</span> <span class='ocrx_word' id='word_1_12' title='bbox 748 260 787 291; x_wconf 91' lang='lat' dir='ltr'>et</span> <span class='ocrx_word' id='word_1_13' title='bbox 807 264 929 302; x_wconf 87' lang='lat' dir='ltr'>quom</span> <span class='ocrx_word' id='word_1_14' title='bbox 951 266 1106 303; x_wconf 87' lang='lat' dir='ltr'>semper</span> <span class='ocrx_word' id='word_1_15' title='bbox 1126 252 1179 291; x_wconf 89' lang='lat' dir='ltr'>ita</span> <span class='ocrx_word' id='word_1_16' title='bbox 1194 253 1374 292; x_wconf 86' lang='lat' dir='ltr'>habitum</span> <span class='ocrx_word' id='word_1_17' title='bbox 1396 254 1575 293; x_wconf 86' lang='lat' dir='ltr'>observa-</span> 
     </span>
     <span class='ocr_line' id='line_1_3' title="bbox 241 316 1572 368; baseline 0 -12"><span class='ocrx_word' id='word_1_18' title='bbox 241 325 404 367; x_wconf 79' lang='lat' dir='ltr'>tumque</span> <span class='ocrx_word' id='word_1_19' title='bbox 425 317 484 364; x_wconf 87' lang='lat' dir='ltr'>sit,</span> <span class='ocrx_word' id='word_1_20' title='bbox 507 324 599 356; x_wconf 84' lang='lat' dir='ltr'>octo</span> <span class='ocrx_word' id='word_1_21' title='bbox 627 317 749 355; x_wconf 85' lang='lat' dir='ltr'>nostri</span> <span class='ocrx_word' id='word_1_22' title='bbox 770 316 915 356; x_wconf 89' lang='lat' dir='ltr'>tribuni</span> <span class='ocrx_word' id='word_1_23' title='bbox 938 319 986 367; x_wconf 86' lang='lat' dir='ltr'>pl.</span> <span class='ocrx_word' id='word_1_24' title='bbox 1013 324 1131 366; x_wconf 81' lang='lat' dir='ltr'>caput</span> <span class='ocrx_word' id='word_1_25' title='bbox 1158 326 1373 368; x_wconf 88' lang='lat' dir='ltr'>posuerunt</span> <span class='ocrx_word' id='word_1_26' title='bbox 1400 320 1499 358; x_wconf 84' lang='lat' dir='ltr'>hoc:</span> <span class='ocrx_word' id='word_1_27' title='bbox 1531 320 1572 357; x_wconf 86' lang='lat' dir='ltr'>S1</span> 
     </span>
     <span class='ocr_line' id='line_1_4' title="bbox 240 393 1574 427; baseline 0.002 -8"><span class='ocrx_word' id='word_1_28' title='bbox 240 393 341 427; x_wconf 87' lang='lat' dir='ltr'>QVID</span> <span class='ocrx_word' id='word_1_29' title='bbox 377 394 421 419; x_wconf 93' lang='lat' dir='ltr'>1N</span> <span class='ocrx_word' id='word_1_30' title='bbox 456 393 538 419; x_wconf 83' lang='lat' dir='ltr'>HAC</span> <span class='ocrx_word' id='word_1_31' title='bbox 574 393 816 420; x_wconf 78' lang='lat' dir='ltr'>ROGATIONE</span> <span class='ocrx_word' id='word_1_32' title='bbox 849 393 1054 420; x_wconf 84' lang='lat' dir='ltr'>SCRIPTVM</span> <span class='ocrx_word' id='word_1_33' title='bbox 1089 394 1161 420; x_wconf 78' lang='lat' dir='ltr'>EST</span> <span class='ocrx_word' id='word_1_34' title='bbox 1192 394 1304 427; x_wconf 86' lang='lat' dir='ltr'><strong>QVOD</strong></span> <span class='ocrx_word' id='word_1_35' title='bbox 1336 395 1415 421; x_wconf 85' lang='lat' dir='ltr'>PER</span> <span class='ocrx_word' id='word_1_36' title='bbox 1447 395 1574 422; x_wconf 86' lang='lat' dir='ltr'>LEGES</span> 
     </span>
     <span class='ocr_line' id='line_1_5' title="bbox 242 447 1576 497; baseline 0.001 -13"><span class='ocrx_word' id='word_1_37' title='bbox 242 458 436 485; x_wconf 78' lang='lat' dir='ltr'>PLE131SVE</span> <span class='ocrx_word' id='word_1_38' title='bbox 457 458 584 494; x_wconf 73' lang='lat' dir='ltr'>schA,</span> <span class='ocrx_word' id='word_1_39' title='bbox 608 448 684 485; x_wconf 85' lang='lat' dir='ltr'>hoe</span> <span class='ocrx_word' id='word_1_40' title='bbox 712 454 771 485; x_wconf 88' lang='lat' dir='ltr'>est</span> <span class='ocrx_word' id='word_1_41' title='bbox 798 448 907 497; x_wconf 84' lang='lat' dir='ltr'>quod</span> <span class='ocrx_word' id='word_1_42' title='bbox 927 460 996 497; x_wconf 88' lang='lat' dir='ltr'>per</span> <span class='ocrx_word' id='word_1_43' title='bbox 1022 448 1149 497; x_wconf 84' lang='lat' dir='ltr'>legem</span> <span class='ocrx_word' id='word_1_44' title='bbox 1171 447 1369 495; x_wconf 79' lang='lat' dir='ltr'>Clodiam,</span> <span class='ocrx_word' id='word_1_45' title='bbox 1390 460 1576 486; x_wconf 87' lang='lat' dir='ltr'><strong>PROMVL-</strong></span> 
     </span>
     <span class='ocr_line' id='line_1_6' title="bbox 240 523 1612 559; baseline 0.001 -10"><span class='ocrx_word' id='word_1_46' title='bbox 240 524 361 558; x_wconf 74' lang='lat' dir='ltr'>GARE,</span> <span class='ocrx_word' id='word_1_47' title='bbox 392 523 631 559; x_wconf 80' lang='lat' dir='ltr'>ABROGARE,</span> <span class='ocrx_word' id='word_1_48' title='bbox 657 523 899 559; x_wconf 79' lang='lat' dir='ltr'>DEROGARE,</span> <span class='ocrx_word' id='word_1_49' title='bbox 927 523 1150 550; x_wconf 81' lang='lat' dir='ltr'><strong>OBROGARE</strong></span> <span class='ocrx_word' id='word_1_50' title='bbox 1181 523 1275 550; x_wconf 85' lang='lat' dir='ltr'>SINE</span> <span class='ocrx_word' id='word_1_51' title='bbox 1307 524 1470 550; x_wconf 85' lang='lat' dir='ltr'>FRAVDE</span> <span class='ocrx_word' id='word_1_52' title='bbox 1500 525 1574 551; x_wconf 83' lang='lat' dir='ltr'>SVA</span> <span class='ocrx_word' id='word_1_53' title='bbox 1595 523 1612 556; x_wconf 87' lang='lat'>5</span> 
     </span>
     <span class='ocr_line' id='line_1_7' title="bbox 241 588 1572 626; baseline 0.001 -12"><span class='ocrx_word' id='word_1_54' title='bbox 241 588 329 615; x_wconf 82' lang='lat' dir='ltr'>NON</span> <span class='ocrx_word' id='word_1_55' title='bbox 360 588 518 624; x_wconf 77' lang='lat' dir='ltr'>LICEAT,</span> <span class='ocrx_word' id='word_1_56' title='bbox 542 588 630 615; x_wconf 89' lang='lat' dir='ltr'>NON</span> <span class='ocrx_word' id='word_1_57' title='bbox 662 588 867 624; x_wconf 78' lang='lat' dir='ltr'>LICVERIT,</span> <span class='ocrx_word' id='word_1_58' title='bbox 891 588 1059 621; x_wconf 85' lang='lat' dir='ltr'>QVODVE</span> <span class='ocrx_word' id='word_1_59' title='bbox 1083 589 1136 624; x_wconf 78' lang='grc' dir='ltr'>ΕΙ,</span> <span class='ocrx_word' id='word_1_60' title='bbox 1163 588 1233 621; x_wconf 82' lang='lat' dir='ltr'>QVI</span> <span class='ocrx_word' id='word_1_61' title='bbox 1265 589 1572 626; x_wconf 80' lang='lat' dir='ltr'>PROMVLGAVIT,</span> 
     </span>
     <span class='ocr_line' id='line_1_8' title="bbox 240 651 1574 690; baseline 0.003 -14"><span class='ocrx_word' id='word_1_62' title='bbox 240 651 500 689; x_wconf 66' lang='lat' dir='ltr'><em>ABROGAWT,</em></span> <span class='ocrx_word' id='word_1_63' title='bbox 524 653 780 690; x_wconf 80' lang='lat' dir='ltr'>DEROGAvlT,</span> <span class='ocrx_word' id='word_1_64' title='bbox 805 652 965 679; x_wconf 68' lang='lat' dir='ltr'><em>OBROGA</em></span> <span class='ocrx_word' id='word_1_65' title='bbox 977 653 1057 688; x_wconf 59' lang='grc' dir='ltr'>ΠΤ,</span> <span class='ocrx_word' id='word_1_66' title='bbox 1088 653 1139 680; x_wconf 79' lang='lat' dir='ltr'>OB</span> <span class='ocrx_word' id='word_1_67' title='bbox 1170 653 1258 679; x_wconf 82' lang='lat' dir='ltr'>EAM</span> <span class='ocrx_word' id='word_1_68' title='bbox 1290 653 1379 679; x_wconf 83' lang='lat' dir='ltr'>REM</span> <span class='ocrx_word' id='word_1_69' title='bbox 1410 653 1574 680; x_wconf 82' lang='lat' dir='ltr'>POENAE</span> 
     </span>
     <span class='ocr_line' id='line_1_9' title="bbox 194 706 1571 757; baseline 0.003 -15"><span class='ocrx_word' id='word_1_70' title='bbox 194 712 221 751; x_wconf 92' lang='lat'>4</span> <span class='ocrx_word' id='word_1_71' title='bbox 241 717 464 744; x_wconf 79' lang='lat' dir='ltr'>MVLTAEVE</span> <span class='ocrx_word' id='word_1_72' title='bbox 486 719 558 754; x_wconf 87' lang='lat' dir='ltr'>SIT,</span> <span class='ocrx_word' id='word_1_73' title='bbox 582 719 617 745; x_wconf 90' lang='lat' dir='ltr'>E.</span> <span class='ocrx_word' id='word_1_74' title='bbox 643 719 683 745; x_wconf 87' lang='lat' dir='ltr'>H.</span> <span class='ocrx_word' id='word_1_75' title='bbox 708 719 741 745; x_wconf 90' lang='lat' dir='ltr'>L.</span> <span class='ocrx_word' id='word_1_76' title='bbox 766 718 806 744; x_wconf 90' lang='lat' dir='ltr'>N.</span> <span class='ocrx_word' id='word_1_77' title='bbox 831 719 868 745; x_wconf 86' lang='lat' dir='ltr'>R.</span> <span class='ocrx_word' id='word_1_78' title='bbox 927 708 1061 757; x_wconf 86' lang='lat' dir='ltr'>Atque</span> <span class='ocrx_word' id='word_1_79' title='bbox 1082 707 1159 746; x_wconf 87' lang='lat' dir='ltr'>hoe</span> <span class='ocrx_word' id='word_1_80' title='bbox 1179 706 1220 744; x_wconf 88' lang='lat' dir='ltr'>in</span> <span class='ocrx_word' id='word_1_81' title='bbox 1240 706 1314 745; x_wconf 87' lang='lat' dir='ltr'>illis</span> <span class='ocrx_word' id='word_1_82' title='bbox 1335 706 1501 745; x_wconf 88' lang='lat' dir='ltr'>tribunis</span> <span class='ocrx_word' id='word_1_83' title='bbox 1520 708 1571 757; x_wconf 92' lang='lat' dir='ltr'>pl.</span> 
     </span>
     <span class='ocr_line' id='line_1_10' title="bbox 240 771 1574 822; baseline 0.003 -15"><span class='ocrx_word' id='word_1_84' title='bbox 240 783 320 808; x_wconf 88' lang='lat' dir='ltr'>non</span> <span class='ocrx_word' id='word_1_85' title='bbox 349 772 532 810; x_wconf 82' lang='lat' dir='ltr'>laedebat</span> <span class='ocrx_word' id='word_1_86' title='bbox 548 786 556 819; x_wconf 86' lang='grc'><strong>;</strong></span> <span class='ocrx_word' id='word_1_87' title='bbox 586 773 671 822; x_wconf 84' lang='lat' dir='ltr'>lege</span> <span class='ocrx_word' id='word_1_88' title='bbox 698 771 805 810; x_wconf 87' lang='lat' dir='ltr'>enim</span> <span class='ocrx_word' id='word_1_89' title='bbox 826 771 966 822; x_wconf 82' lang='lat' dir='ltr'>collegi</span> <span class='ocrx_word' id='word_1_90' title='bbox 988 771 1047 810; x_wconf 88' lang='lat' dir='ltr'>sui</span> <span class='ocrx_word' id='word_1_91' title='bbox 1068 786 1149 810; x_wconf 88' lang='lat' dir='ltr'>non</span> <span class='ocrx_word' id='word_1_92' title='bbox 1176 772 1422 810; x_wconf 83' lang='lat' dir='ltr'>tenebantur.</span> <span class='ocrx_word' id='word_1_93' title='bbox 1481 773 1574 820; x_wconf 84' lang='lat' dir='ltr'>Quo</span> 
     </span>
     <span class='ocr_line' id='line_1_11' title="bbox 242 836 1634 886; baseline 0.001 -13"><span class='ocrx_word' id='word_1_94' title='bbox 242 836 365 875; x_wconf 84' lang='lat' dir='ltr'>maior</span> <span class='ocrx_word' id='word_1_95' title='bbox 385 844 443 875; x_wconf 90' lang='lat' dir='ltr'>est</span> <span class='ocrx_word' id='word_1_96' title='bbox 464 836 636 886; x_wconf 86' lang='lat' dir='ltr'>suspicio</span> <span class='ocrx_word' id='word_1_97' title='bbox 658 836 828 875; x_wconf 77' lang='lat' dir='ltr'>malitiae</span> <span class='ocrx_word' id='word_1_98' title='bbox 854 836 1061 886; x_wconf 78' lang='lat' dir='ltr'>aliquoius,</span> <span class='ocrx_word' id='word_1_99' title='bbox 1084 850 1175 875; x_wconf 84' lang='lat' dir='ltr'>eum</span> <span class='ocrx_word' id='word_1_100' title='bbox 1202 836 1243 875; x_wconf 89' lang='lat' dir='ltr'>id</span> <span class='ocrx_word' id='word_1_101' title='bbox 1268 837 1377 886; x_wconf 87' lang='lat' dir='ltr'>quod</span> <span class='ocrx_word' id='word_1_102' title='bbox 1396 836 1448 874; x_wconf 86' lang='lat' dir='ltr'>ad</span> <span class='ocrx_word' id='word_1_103' title='bbox 1467 836 1574 886; x_wconf 88' lang='lat' dir='ltr'>ipsos</span> <span class='ocrx_word' id='word_1_104' title='bbox 1596 848 1634 871; x_wconf 88' lang='lat'>10</span> 
     </span>
     <span class='ocr_line' id='line_1_12' title="bbox 242 900 1574 952; baseline 0.002 -14"><span class='ocrx_word' id='word_1_105' title='bbox 242 900 339 939; x_wconf 85' lang='lat' dir='ltr'>nihil</span> <span class='ocrx_word' id='word_1_106' title='bbox 366 901 587 951; x_wconf 75' lang='lat' dir='ltr'>pertinebat</span> <span class='ocrx_word' id='word_1_107' title='bbox 614 910 696 940; x_wconf 85' lang='lat' dir='ltr'>erat</span> <span class='ocrx_word' id='word_1_108' title='bbox 719 909 852 940; x_wconf 87' lang='lat' dir='ltr'>autem</span> <span class='ocrx_word' id='word_1_109' title='bbox 879 909 1017 941; x_wconf 83' lang='lat' dir='ltr'>eontra</span> <span class='ocrx_word' id='word_1_110' title='bbox 1046 915 1110 941; x_wconf 89' lang='lat' dir='ltr'>me</span> <span class='ocrx_word' id='word_1_111' title='bbox 1139 902 1387 952; x_wconf 86' lang='lat' dir='ltr'>scripserunt,</span> <span class='ocrx_word' id='word_1_112' title='bbox 1410 908 1453 940; x_wconf 88' lang='lat' dir='ltr'>ut</span> <span class='ocrx_word' id='word_1_113' title='bbox 1482 901 1574 940; x_wconf 80' lang='lat' dir='ltr'>novi</span> 
     </span>
     <span class='ocr_line' id='line_1_13' title="bbox 243 966 1575 1018; baseline 0.002 -14"><span class='ocrx_word' id='word_1_114' title='bbox 243 966 388 1005; x_wconf 89' lang='lat' dir='ltr'>tribuni</span> <span class='ocrx_word' id='word_1_115' title='bbox 417 969 467 1018; x_wconf 86' lang='lat' dir='ltr'>pl.</span> <span class='ocrx_word' id='word_1_116' title='bbox 498 966 529 1005; x_wconf 92' lang='lat' dir='ltr'>si</span> <span class='ocrx_word' id='word_1_117' title='bbox 559 975 691 1006; x_wconf 83' lang='lat' dir='ltr'>essent</span> <span class='ocrx_word' id='word_1_118' title='bbox 720 967 937 1006; x_wconf 88' lang='lat' dir='ltr'>timidiores</span> <span class='ocrx_word' id='word_1_119' title='bbox 967 969 1093 1006; x_wconf 89' lang='lat' dir='ltr'>multo</span> <span class='ocrx_word' id='word_1_120' title='bbox 1119 967 1242 1017; x_wconf 78' lang='lat' dir='ltr'>magis</span> <span class='ocrx_word' id='word_1_121' title='bbox 1269 967 1344 1005; x_wconf 88' lang='lat' dir='ltr'>Sibi</span> <span class='ocrx_word' id='word_1_122' title='bbox 1373 980 1420 1005; x_wconf 88' lang='lat' dir='ltr'>eo</span> <span class='ocrx_word' id='word_1_123' title='bbox 1447 967 1575 1017; x_wconf 83' lang='lat' dir='ltr'>capite</span> 
     </span>
     <span class='ocr_line' id='line_1_14' title="bbox 243 1031 1574 1083; baseline 0 -13"><span class='ocrx_word' id='word_1_124' title='bbox 243 1033 435 1071; x_wconf 89' lang='lat' dir='ltr'>utendum</span> <span class='ocrx_word' id='word_1_125' title='bbox 457 1040 648 1083; x_wconf 77' lang='lat' dir='ltr'>putarent.</span> <span class='ocrx_word' id='word_1_126' title='bbox 710 1034 852 1083; x_wconf 85' lang='lat' dir='ltr'>Neque</span> <span class='ocrx_word' id='word_1_127' title='bbox 879 1032 920 1071; x_wconf 92' lang='lat' dir='ltr'>id</span> <span class='ocrx_word' id='word_1_128' title='bbox 940 1046 963 1071; x_wconf 79' lang='lat' dir='ltr'>a</span> <span class='ocrx_word' id='word_1_129' title='bbox 983 1032 1128 1072; x_wconf 88' lang='lat' dir='ltr'>Clodio</span> <span class='ocrx_word' id='word_1_130' title='bbox 1154 1031 1471 1083; x_wconf 84' lang='lat' dir='ltr'>praetermissum</span> <span class='ocrx_word' id='word_1_131' title='bbox 1492 1039 1574 1080; x_wconf 80' lang='lat' dir='ltr'>est3</span> 
     </span>
     <span class='ocr_line' id='line_1_15' title="bbox 243 1097 1574 1137; baseline 0.001 -2"><span class='ocrx_word' id='word_1_132' title='bbox 243 1097 338 1136; x_wconf 82' lang='lat' dir='ltr'>dixit</span> <span class='ocrx_word' id='word_1_133' title='bbox 377 1097 483 1136; x_wconf 90' lang='lat' dir='ltr'>enim</span> <span class='ocrx_word' id='word_1_134' title='bbox 522 1098 562 1136; x_wconf 89' lang='lat' dir='ltr'>in</span> <span class='ocrx_word' id='word_1_135' title='bbox 601 1098 787 1137; x_wconf 85' lang='lat' dir='ltr'>contione</span> <span class='ocrx_word' id='word_1_136' title='bbox 825 1112 858 1137; x_wconf 86' lang='lat' dir='ltr'>a.</span> <span class='ocrx_word' id='word_1_137' title='bbox 895 1099 933 1137; x_wconf 85' lang='lat' dir='ltr'>d.</span> <span class='ocrx_word' id='word_1_138' title='bbox 968 1111 1014 1136; x_wconf 90' lang='lat'>111</span> <span class='ocrx_word' id='word_1_139' title='bbox 1051 1100 1188 1137; x_wconf 84' lang='lat' dir='ltr'>Nonas</span> <span class='ocrx_word' id='word_1_140' title='bbox 1221 1097 1458 1137; x_wconf 86' lang='lat' dir='ltr'>Novembris</span> <span class='ocrx_word' id='word_1_141' title='bbox 1497 1099 1574 1137; x_wconf 87' lang='lat' dir='ltr'>hoc</span> 
     </span>
     <span class='ocr_line' id='line_1_16' title="bbox 243 1163 1632 1214; baseline 0.001 -13"><span class='ocrx_word' id='word_1_142' title='bbox 243 1163 370 1214; x_wconf 86' lang='lat' dir='ltr'>capite</span> <span class='ocrx_word' id='word_1_143' title='bbox 397 1163 609 1214; x_wconf 84' lang='lat' dir='ltr'>designatis</span> <span class='ocrx_word' id='word_1_144' title='bbox 637 1164 802 1202; x_wconf 85' lang='lat' dir='ltr'>tribunis</span> <span class='ocrx_word' id='word_1_145' title='bbox 823 1165 873 1214; x_wconf 88' lang='lat' dir='ltr'>pl.</span> <span class='ocrx_word' id='word_1_146' title='bbox 896 1163 1179 1214; x_wconf 83' lang='lat' dir='ltr'>praescriptum</span> <span class='ocrx_word' id='word_1_147' title='bbox 1200 1177 1285 1202; x_wconf 90' lang='lat' dir='ltr'>esse</span> <span class='ocrx_word' id='word_1_148' title='bbox 1312 1163 1408 1213; x_wconf 85' lang='lat' dir='ltr'>quid</span> <span class='ocrx_word' id='word_1_149' title='bbox 1428 1163 1571 1201; x_wconf 88' lang='lat' dir='ltr'>liceret.</span> <span class='ocrx_word' id='word_1_150' title='bbox 1597 1171 1632 1203; x_wconf 82' lang='lat'>15</span> 
     </span>
     <span class='ocr_line' id='line_1_17' title="bbox 242 1228 1574 1279; baseline 0 -13"><span class='ocrx_word' id='word_1_151' title='bbox 242 1230 396 1267; x_wconf 88' lang='lat' dir='ltr'>Tamen</span> <span class='ocrx_word' id='word_1_152' title='bbox 416 1228 456 1266; x_wconf 95' lang='lat' dir='ltr'>in</span> <span class='ocrx_word' id='word_1_153' title='bbox 476 1230 560 1279; x_wconf 80' lang='lat' dir='ltr'>lege</span> <span class='ocrx_word' id='word_1_154' title='bbox 576 1231 684 1268; x_wconf 83' lang='lat' dir='ltr'>nulla</span> <span class='ocrx_word' id='word_1_155' title='bbox 703 1243 788 1268; x_wconf 88' lang='lat' dir='ltr'>esse</span> <span class='ocrx_word' id='word_1_156' title='bbox 809 1229 891 1268; x_wconf 91' lang='lat' dir='ltr'>eius</span> <span class='ocrx_word' id='word_1_157' title='bbox 908 1229 1017 1268; x_wconf 86' lang='lat' dir='ltr'>modi</span> <span class='ocrx_word' id='word_1_158' title='bbox 1038 1236 1156 1279; x_wconf 88' lang='lat' dir='ltr'>eaput</span> <span class='ocrx_word' id='word_1_159' title='bbox 1176 1236 1214 1267; x_wconf 92' lang='lat' dir='ltr'>te</span> <span class='ocrx_word' id='word_1_160' title='bbox 1234 1243 1316 1267; x_wconf 89' lang='lat' dir='ltr'>non</span> <span class='ocrx_word' id='word_1_161' title='bbox 1336 1228 1442 1275; x_wconf 88' lang='lat' dir='ltr'>fallit,</span> <span class='ocrx_word' id='word_1_162' title='bbox 1466 1229 1574 1278; x_wconf 87' lang='lat' dir='ltr'>quod</span> 
     </span>
     <span class='ocr_line' id='line_1_18' title="bbox 242 1293 1574 1346; baseline 0 -14"><span class='ocrx_word' id='word_1_163' title='bbox 242 1294 273 1332; x_wconf 89' lang='lat' dir='ltr'>Si</span> <span class='ocrx_word' id='word_1_164' title='bbox 301 1308 400 1344; x_wconf 84' lang='lat' dir='ltr'>opus</span> <span class='ocrx_word' id='word_1_165' title='bbox 422 1302 533 1341; x_wconf 87' lang='lat' dir='ltr'>esset,</span> <span class='ocrx_word' id='word_1_166' title='bbox 558 1309 696 1333; x_wconf 89' lang='lat' dir='ltr'>omnes</span> <span class='ocrx_word' id='word_1_167' title='bbox 718 1295 758 1333; x_wconf 90' lang='lat' dir='ltr'>in</span> <span class='ocrx_word' id='word_1_168' title='bbox 784 1296 1014 1346; x_wconf 80' lang='lat' dir='ltr'>abrogando</span> <span class='ocrx_word' id='word_1_169' title='bbox 1038 1300 1245 1333; x_wconf 69' lang='lat' dir='ltr'>uterentur.</span> <span class='ocrx_word' id='word_1_170' title='bbox 1305 1296 1359 1332; x_wconf 88' lang='lat' dir='ltr'>Vt</span> <span class='ocrx_word' id='word_1_171' title='bbox 1380 1293 1574 1332; x_wconf 86' lang='lat' dir='ltr'>Ninnium</span> 
     </span>
     <span class='ocr_line' id='line_1_19' title="bbox 241 1359 1575 1411; baseline 0 -13"><span class='ocrx_word' id='word_1_172' title='bbox 241 1366 309 1398; x_wconf 84' lang='lat' dir='ltr'>aut</span> <span class='ocrx_word' id='word_1_173' title='bbox 339 1367 488 1399; x_wconf 82' lang='lat' dir='ltr'>ceteros</span> <span class='ocrx_word' id='word_1_174' title='bbox 513 1360 653 1411; x_wconf 85' lang='lat' dir='ltr'>fugerit</span> <span class='ocrx_word' id='word_1_175' title='bbox 679 1360 887 1411; x_wconf 82' lang='lat' dir='ltr'>investiges</span> <span class='ocrx_word' id='word_1_176' title='bbox 917 1360 1034 1399; x_wconf 88' lang='lat' dir='ltr'>velim</span> <span class='ocrx_word' id='word_1_177' title='bbox 1062 1368 1100 1399; x_wconf 91' lang='lat' dir='ltr'>et</span> <span class='ocrx_word' id='word_1_178' title='bbox 1127 1360 1214 1410; x_wconf 89' lang='lat' dir='ltr'>quis</span> <span class='ocrx_word' id='word_1_179' title='bbox 1241 1359 1412 1398; x_wconf 87' lang='lat' dir='ltr'>attulerit</span> <span class='ocrx_word' id='word_1_180' title='bbox 1432 1367 1470 1398; x_wconf 92' lang='lat' dir='ltr'>et</span> <span class='ocrx_word' id='word_1_181' title='bbox 1497 1373 1575 1410; x_wconf 79' lang='lat' dir='ltr'>qua</span> 
     </span>
     <span class='ocr_line' id='line_1_20' title="bbox 243 1425 1571 1477; baseline -0.001 -13"><span class='ocrx_word' id='word_1_182' title='bbox 243 1440 282 1464; x_wconf 88' lang='lat' dir='ltr'>re</span> <span class='ocrx_word' id='word_1_183' title='bbox 303 1433 394 1465; x_wconf 84' lang='lat' dir='ltr'>octo</span> <span class='ocrx_word' id='word_1_184' title='bbox 415 1425 561 1465; x_wconf 86' lang='lat' dir='ltr'>tribuni</span> <span class='ocrx_word' id='word_1_185' title='bbox 582 1428 632 1477; x_wconf 89' lang='lat' dir='ltr'>pl.</span> <span class='ocrx_word' id='word_1_186' title='bbox 655 1427 707 1464; x_wconf 81' lang='lat' dir='ltr'>ad</span> <span class='ocrx_word' id='word_1_187' title='bbox 728 1434 908 1465; x_wconf 82' lang='lat' dir='ltr'>senatum</span> <span class='ocrx_word' id='word_1_188' title='bbox 930 1427 981 1465; x_wconf 91' lang='lat' dir='ltr'>de</span> <span class='ocrx_word' id='word_1_189' title='bbox 1001 1440 1066 1465; x_wconf 94' lang='lat' dir='ltr'>me</span> <span class='ocrx_word' id='word_1_190' title='bbox 1086 1427 1227 1465; x_wconf 88' lang='lat' dir='ltr'>referre</span> <span class='ocrx_word' id='word_1_191' title='bbox 1247 1439 1329 1464; x_wconf 89' lang='lat' dir='ltr'>non</span> <span class='ocrx_word' id='word_1_192' title='bbox 1345 1425 1571 1472; x_wconf 78' lang='lat' dir='ltr'>dubitarint,</span> 
     </span>
     <span class='ocr_line' id='line_1_21' title="bbox 242 1491 1635 1542; baseline -0.002 -11"><span class='ocrx_word' id='word_1_193' title='bbox 242 1494 318 1531; x_wconf 71' lang='lat' dir='ltr'>sive</span> <span class='ocrx_word' id='word_1_194' title='bbox 339 1523 346 1531; x_wconf 87' lang='lat'><strong>.</strong></span> <span class='ocrx_word' id='word_1_195' title='bbox 370 1522 377 1531; x_wconf 91' lang='lat'><strong>.</strong></span> <span class='ocrx_word' id='word_1_196' title='bbox 402 1523 409 1531; x_wconf 89' lang='lat'><strong>.</strong></span> <span class='ocrx_word' id='word_1_197' title='bbox 433 1491 514 1531; x_wconf 87' lang='lat' dir='ltr'>sive</span> <span class='ocrx_word' id='word_1_198' title='bbox 541 1493 650 1542; x_wconf 87' lang='lat' dir='ltr'>quod</span> <span class='ocrx_word' id='word_1_199' title='bbox 677 1492 970 1531; x_wconf 83' lang='lat' dir='ltr'>observandum</span> <span class='ocrx_word' id='word_1_200' title='bbox 991 1492 1087 1530; x_wconf 90' lang='lat' dir='ltr'>illud</span> <span class='ocrx_word' id='word_1_201' title='bbox 1115 1498 1233 1542; x_wconf 86' lang='lat' dir='ltr'>caput</span> <span class='ocrx_word' id='word_1_202' title='bbox 1260 1505 1341 1530; x_wconf 90' lang='lat' dir='ltr'>non</span> <span class='ocrx_word' id='word_1_203' title='bbox 1367 1491 1570 1542; x_wconf 82' lang='lat' dir='ltr'>putabant,</span> <span class='ocrx_word' id='word_1_204' title='bbox 1595 1502 1635 1524; x_wconf 88' lang='lat'>20</span> 
     </span>
     <span class='ocr_line' id='line_1_22' title="bbox 242 1556 1574 1607; baseline -0.002 -11"><span class='ocrx_word' id='word_1_205' title='bbox 242 1558 373 1596; x_wconf 89' lang='lat' dir='ltr'>eidem</span> <span class='ocrx_word' id='word_1_206' title='bbox 415 1556 455 1595; x_wconf 93' lang='lat' dir='ltr'>in</span> <span class='ocrx_word' id='word_1_207' title='bbox 488 1557 718 1607; x_wconf 79' lang='lat' dir='ltr'>abrogando</span> <span class='ocrx_word' id='word_1_208' title='bbox 757 1565 837 1596; x_wconf 84' lang='lat' dir='ltr'>tam</span> <span class='ocrx_word' id='word_1_209' title='bbox 875 1557 980 1596; x_wconf 82' lang='lat' dir='ltr'>cauti</span> <span class='ocrx_word' id='word_1_210' title='bbox 1019 1556 1162 1596; x_wconf 89' lang='lat' dir='ltr'>fuerint</span> <span class='ocrx_word' id='word_1_211' title='bbox 1199 1564 1242 1595; x_wconf 90' lang='lat' dir='ltr'>ut</span> <span class='ocrx_word' id='word_1_212' title='bbox 1280 1556 1321 1595; x_wconf 85' lang='lat' dir='ltr'>id</span> <span class='ocrx_word' id='word_1_213' title='bbox 1355 1563 1574 1595; x_wconf 88' lang='lat' dir='ltr'>metuerent</span> 
     </span>
     <span class='ocr_line' id='line_1_23' title="bbox 243 1621 1574 1672; baseline -0.002 -11"><span class='ocrx_word' id='word_1_214' title='bbox 243 1622 360 1661; x_wconf 88' lang='lat' dir='ltr'>soluti</span> <span class='ocrx_word' id='word_1_215' title='bbox 381 1636 472 1660; x_wconf 84' lang='lat' dir='ltr'>eum</span> <span class='ocrx_word' id='word_1_216' title='bbox 494 1630 637 1670; x_wconf 90' lang='lat' dir='ltr'>essent,</span> <span class='ocrx_word' id='word_1_217' title='bbox 659 1624 768 1672; x_wconf 82' lang='lat' dir='ltr'>quod</span> <span class='ocrx_word' id='word_1_218' title='bbox 788 1636 838 1661; x_wconf 91' lang='lat' dir='ltr'>ne</span> <span class='ocrx_word' id='word_1_219' title='bbox 859 1622 904 1660; x_wconf 90' lang='lat' dir='ltr'>iis</span> <span class='ocrx_word' id='word_1_220' title='bbox 925 1622 1087 1672; x_wconf 87' lang='lat' dir='ltr'>quidem</span> <span class='ocrx_word' id='word_1_221' title='bbox 1115 1621 1184 1672; x_wconf 84' lang='lat' dir='ltr'>qui</span> <span class='ocrx_word' id='word_1_222' title='bbox 1203 1623 1289 1672; x_wconf 84' lang='lat' dir='ltr'>lege</span> <span class='ocrx_word' id='word_1_223' title='bbox 1309 1628 1492 1660; x_wconf 83' lang='lat' dir='ltr'>tenentur</span> <span class='ocrx_word' id='word_1_224' title='bbox 1515 1628 1574 1660; x_wconf 88' lang='lat' dir='ltr'>est</span> 
     </span>
     <span class='ocr_line' id='line_1_24' title="bbox 243 1687 1577 1738; baseline -0.002 -11"><span class='ocrx_word' id='word_1_225' title='bbox 243 1690 473 1728; x_wconf 79' lang='lat' dir='ltr'>curandum.</span> <span class='ocrx_word' id='word_1_226' title='bbox 534 1689 583 1726; x_wconf 92' lang='lat' dir='ltr'>Id</span> <span class='ocrx_word' id='word_1_227' title='bbox 607 1695 725 1738; x_wconf 79' lang='lat' dir='ltr'>caput</span> <span class='ocrx_word' id='word_1_228' title='bbox 751 1701 845 1726; x_wconf 79' lang='lat' dir='ltr'>sane</span> <span class='ocrx_word' id='word_1_229' title='bbox 869 1688 992 1726; x_wconf 90' lang='lat' dir='ltr'>nolim</span> <span class='ocrx_word' id='word_1_230' title='bbox 1019 1701 1143 1726; x_wconf 82' lang='lat' dir='ltr'>novos</span> <span class='ocrx_word' id='word_1_231' title='bbox 1168 1687 1346 1726; x_wconf 90' lang='lat' dir='ltr'>tribunos</span> <span class='ocrx_word' id='word_1_232' title='bbox 1373 1688 1422 1737; x_wconf 87' lang='lat' dir='ltr'>pl.</span> <span class='ocrx_word' id='word_1_233' title='bbox 1452 1688 1550 1725; x_wconf 90' lang='lat' dir='ltr'>ferre</span> <span class='ocrx_word' id='word_1_234' title='bbox 1564 1699 1577 1735; x_wconf 80' lang='lat'>3</span> 
     </span>
     <span class='ocr_line' id='line_1_25' title="bbox 244 1752 1572 1804; baseline -0.002 -11"><span class='ocrx_word' id='word_1_235' title='bbox 244 1755 315 1793; x_wconf 89' lang='lat' dir='ltr'>sed</span> <span class='ocrx_word' id='word_1_236' title='bbox 344 1755 538 1804; x_wconf 85' lang='lat' dir='ltr'>perferant</span> <span class='ocrx_word' id='word_1_237' title='bbox 567 1754 689 1791; x_wconf 84' lang='lat' dir='ltr'>modo</span> <span class='ocrx_word' id='word_1_238' title='bbox 718 1752 937 1802; x_wconf 83' lang='lat' dir='ltr'>quidlibet;</span> <span class='ocrx_word' id='word_1_239' title='bbox 971 1766 1051 1790; x_wconf 89' lang='lat' dir='ltr'>uno</span> <span class='ocrx_word' id='word_1_240' title='bbox 1081 1752 1209 1802; x_wconf 84' lang='lat' dir='ltr'>capite</span> <span class='ocrx_word' id='word_1_241' title='bbox 1238 1765 1318 1802; x_wconf 86' lang='lat' dir='ltr'>quo</span> <span class='ocrx_word' id='word_1_242' title='bbox 1347 1752 1572 1798; x_wconf 83' lang='lat' dir='ltr'>revocabor,</span> 
     </span>
     <span class='ocr_line' id='line_1_26' title="bbox 246 1817 1633 1866; baseline -0.003 -8"><span class='ocrx_word' id='word_1_243' title='bbox 246 1821 366 1858; x_wconf 89' lang='lat' dir='ltr'>modo</span> <span class='ocrx_word' id='word_1_244' title='bbox 400 1831 460 1857; x_wconf 87' lang='lat' dir='ltr'>res</span> <span class='ocrx_word' id='word_1_245' title='bbox 494 1817 734 1864; x_wconf 79' lang='lat' dir='ltr'>conficiatur,</span> <span class='ocrx_word' id='word_1_246' title='bbox 768 1830 835 1855; x_wconf 91' lang='lat' dir='ltr'>ero</span> <span class='ocrx_word' id='word_1_247' title='bbox 868 1824 1087 1855; x_wconf 81' lang='lat' dir='ltr'>contentus.</span> <span class='ocrx_word' id='word_1_248' title='bbox 1150 1819 1235 1856; x_wconf 87' lang='lat' dir='ltr'>Iam</span> <span class='ocrx_word' id='word_1_249' title='bbox 1267 1818 1419 1855; x_wconf 87' lang='lat' dir='ltr'>dudum</span> <span class='ocrx_word' id='word_1_250' title='bbox 1450 1817 1574 1866; x_wconf 91' lang='lat' dir='ltr'>pudet</span> <span class='ocrx_word' id='word_1_251' title='bbox 1595 1832 1633 1865; x_wconf 89' lang='lat'>25</span> 
     </span>
     <span class='ocr_line' id='line_1_27' title="bbox 245 1882 1571 1932; baseline -0.002 -9"><span class='ocrx_word' id='word_1_252' title='bbox 245 1893 324 1924; x_wconf 87' lang='lat' dir='ltr'>tam</span> <span class='ocrx_word' id='word_1_253' title='bbox 346 1886 469 1922; x_wconf 85' lang='lat' dir='ltr'>multa</span> <span class='ocrx_word' id='word_1_254' title='bbox 489 1883 657 1921; x_wconf 85' lang='lat' dir='ltr'>scribere</span> <span class='ocrx_word' id='word_1_255' title='bbox 672 1897 682 1929; x_wconf 78' lang='lat'>,-</span> <span class='ocrx_word' id='word_1_256' title='bbox 710 1895 846 1920; x_wconf 91' lang='lat' dir='ltr'>vereor</span> <span class='ocrx_word' id='word_1_257' title='bbox 865 1882 971 1921; x_wconf 90' lang='lat' dir='ltr'>enim</span> <span class='ocrx_word' id='word_1_258' title='bbox 995 1896 1045 1920; x_wconf 89' lang='lat' dir='ltr'>ne</span> <span class='ocrx_word' id='word_1_259' title='bbox 1065 1896 1105 1920; x_wconf 89' lang='lat' dir='ltr'>re</span> <span class='ocrx_word' id='word_1_260' title='bbox 1125 1882 1203 1920; x_wconf 84' lang='lat' dir='ltr'>iam</span> <span class='ocrx_word' id='word_1_261' title='bbox 1231 1883 1436 1932; x_wconf 82' lang='lat' dir='ltr'>desperata</span> <span class='ocrx_word' id='word_1_262' title='bbox 1456 1883 1571 1931; x_wconf 77' lang='lat' dir='ltr'>legas,</span> 
     </span>
     <span class='ocr_line' id='line_1_28' title="bbox 246 1947 1576 1998; baseline -0.002 -9"><span class='ocrx_word' id='word_1_263' title='bbox 246 1958 288 1989; x_wconf 94' lang='lat' dir='ltr'>ut</span> <span class='ocrx_word' id='word_1_264' title='bbox 308 1952 405 1989; x_wconf 89' lang='lat' dir='ltr'>haec</span> <span class='ocrx_word' id='word_1_265' title='bbox 427 1962 515 1988; x_wconf 79' lang='lat' dir='ltr'>mea</span> <span class='ocrx_word' id='word_1_266' title='bbox 534 1948 736 1998; x_wconf 81' lang='lat' dir='ltr'>diligentia</span> <span class='ocrx_word' id='word_1_267' title='bbox 756 1947 987 1986; x_wconf 80' lang='lat' dir='ltr'>miserabilis</span> <span class='ocrx_word' id='word_1_268' title='bbox 1008 1947 1091 1995; x_wconf 83' lang='lat' dir='ltr'>tibi,</span> <span class='ocrx_word' id='word_1_269' title='bbox 1111 1947 1196 1985; x_wconf 90' lang='lat' dir='ltr'>aliis</span> <span class='ocrx_word' id='word_1_270' title='bbox 1220 1947 1428 1985; x_wconf 85' lang='lat' dir='ltr'>inridenda</span> <span class='ocrx_word' id='word_1_271' title='bbox 1447 1947 1576 1986; x_wconf 85' lang='lat' dir='ltr'>videa-</span> 
     </span>
    </p>
   </div>
   <div class='ocr_carea' id='block_1_3' title="bbox 245 2050 1579 2444">
    <p class='ocr_par' dir='ltr' id='par_1_3' title="bbox 245 2050 1579 2444">
     <span class='ocr_line' id='line_1_29' title="bbox 294 2050 1576 2095; baseline -0.003 -9"><span class='ocrx_word' id='word_1_272' title='bbox 294 2067 305 2086; x_wconf 91' lang='lat'>1</span> <span class='ocrx_word' id='word_1_273' title='bbox 333 2065 433 2095; x_wconf 90' lang='lat' dir='ltr'>quom</span> <span class='ocrx_word' id='word_1_274' title='bbox 462 2059 497 2085; x_wconf 84' lang='lat' dir='ltr'>et</span> <span class='ocrx_word' id='word_1_275' title='bbox 531 2053 569 2084; x_wconf 85' lang='lat'>0¹</span> <span class='ocrx_word' id='word_1_276' title='bbox 600 2053 741 2083; x_wconf 66' lang='lat' dir='ltr'>Rosius:</span> <span class='ocrx_word' id='word_1_277' title='bbox 776 2053 864 2092; x_wconf 83' lang='lat' dir='ltr'>quod</span> <span class='ocrx_word' id='word_1_278' title='bbox 891 2051 968 2083; x_wconf 87' lang='lat' dir='ltr'>Ms:</span> <span class='ocrx_word' id='word_1_279' title='bbox 1005 2057 1037 2082; x_wconf 87' lang='lat' dir='ltr'>et</span> <span class='ocrx_word' id='word_1_280' title='bbox 1059 2052 1147 2090; x_wconf 73' lang='lat' dir='ltr'>quod</span> <span class='ocrx_word' id='word_1_281' title='bbox 1171 2050 1223 2082; x_wconf 91' lang='lat' dir='ltr'>N:</span> <span class='ocrx_word' id='word_1_282' title='bbox 1249 2051 1338 2090; x_wconf 87' lang='lat' dir='ltr'>quod</span> <span class='ocrx_word' id='word_1_283' title='bbox 1364 2056 1395 2081; x_wconf 75' lang='lat' dir='ltr'>et</span> <span class='ocrx_word' id='word_1_284' title='bbox 1423 2050 1485 2082; x_wconf 75' lang='lat'>02:</span> <span class='ocrx_word' id='word_1_285' title='bbox 1510 2062 1576 2091; x_wconf 85' lang='lat' dir='ltr'>quo</span> 
     </span>
     <span class='ocr_line' id='line_1_30' title="bbox 246 2094 1578 2136; baseline -0.003 -6"><span class='ocrx_word' id='word_1_286' title='bbox 246 2100 346 2130; x_wconf 91' lang='lat' dir='ltr'>modo</span> <span class='ocrx_word' id='word_1_287' title='bbox 371 2104 403 2129; x_wconf 88' lang='lat' dir='ltr'>et</span> <span class='ocrx_word' id='word_1_288' title='bbox 429 2098 461 2128; x_wconf 86' lang='lat' dir='ltr'><em>P</em></span> <span class='ocrx_word' id='word_1_289' title='bbox 569 2102 603 2127; x_wconf 89' lang='lat' dir='ltr'>et</span> <span class='ocrx_word' id='word_1_290' title='bbox 625 2108 726 2136; x_wconf 87' lang='lat' dir='ltr'>quom</span> <span class='ocrx_word' id='word_1_291' title='bbox 753 2096 874 2127; x_wconf 83' lang='lat' dir='ltr'>NOP:</span> <span class='ocrx_word' id='word_1_292' title='bbox 913 2106 978 2126; x_wconf 90' lang='lat' dir='ltr'>om.</span> <span class='ocrx_word' id='word_1_293' title='bbox 1008 2101 1041 2126; x_wconf 85' lang='lat' dir='ltr'>et</span> <span class='ocrx_word' id='word_1_294' title='bbox 1066 2094 1113 2126; x_wconf 83' lang='lat' dir='ltr'>M.</span> <span class='ocrx_word' id='word_1_295' title='bbox 1168 2095 1288 2124; x_wconf 76' lang='lat' dir='ltr'>Tolum</span> <span class='ocrx_word' id='word_1_296' title='bbox 1314 2095 1420 2124; x_wconf 83' lang='lat' dir='ltr'>locum</span> <span class='ocrx_word' id='word_1_297' title='bbox 1446 2095 1491 2125; x_wconf 79' lang='lat' dir='ltr'>ita</span> <span class='ocrx_word' id='word_1_298' title='bbox 1518 2095 1578 2126; x_wconf 76' lang='lat' dir='ltr'>dat</span> 
     </span>
     <span class='ocr_line' id='line_1_31' title="bbox 245 2141 1574 2180; baseline -0.004 -7"><span class='ocrx_word' id='word_1_299' title='bbox 245 2143 401 2174; x_wconf 76' lang='lat' dir='ltr'>Bz&#39;c&#39;clzclcr</span> <span class='ocrx_word' id='word_1_300' title='bbox 421 2142 506 2178; x_wconf 82' lang='lat' dir='ltr'>Hoc,</span> <span class='ocrx_word' id='word_1_301' title='bbox 531 2142 622 2180; x_wconf 86' lang='lat' dir='ltr'>quod</span> <span class='ocrx_word' id='word_1_302' title='bbox 649 2152 684 2170; x_wconf 89' lang='lat' dir='ltr'>re</span> <span class='ocrx_word' id='word_1_303' title='bbox 702 2151 782 2171; x_wconf 75' lang='lat' dir='ltr'>vera</span> <span class='ocrx_word' id='word_1_304' title='bbox 802 2141 846 2170; x_wconf 85' lang='lat' dir='ltr'>ita</span> <span class='ocrx_word' id='word_1_305' title='bbox 864 2144 924 2178; x_wconf 75' lang='lat' dir='ltr'>est,</span> <span class='ocrx_word' id='word_1_306' title='bbox 946 2150 1019 2169; x_wconf 88' lang='lat' dir='ltr'>cum</span> <span class='ocrx_word' id='word_1_307' title='bbox 1154 2149 1170 2176; x_wconf 90' lang='lat'><em>7</em></span> <span class='ocrx_word' id='word_1_308' title='bbox 1197 2148 1402 2168; x_wconf 77' lang='lat' dir='ltr'>ABROGAvxT</span> <span class='ocrx_word' id='word_1_309' title='bbox 1417 2142 1446 2169; x_wconf 83' lang='lat' dir='ltr'>et</span> <span class='ocrx_word' id='word_1_310' title='bbox 1465 2149 1574 2169; x_wconf 67' lang='grc' dir='ltr'>03κο-</span> 
     </span>
     <span class='ocr_line' id='line_1_32' title="bbox 246 2182 1575 2221; baseline -0.004 -4"><span class='ocrx_word' id='word_1_311' title='bbox 246 2196 350 2218; x_wconf 77' lang='lat' dir='ltr'>GAvn·</span> <span class='ocrx_word' id='word_1_312' title='bbox 367 2186 441 2216; x_wconf 79' lang='lat' dir='ltr'>add.</span> <span class='ocrx_word' id='word_1_313' title='bbox 456 2185 611 2216; x_wconf 73' lang='lat' dir='ltr'>Pithoeus</span> <span class='ocrx_word' id='word_1_314' title='bbox 681 2194 794 2215; x_wconf 80' lang='lat' dir='ltr'>POENA</span> <span class='ocrx_word' id='word_1_315' title='bbox 811 2193 843 2214; x_wconf 79' lang='lat' dir='ltr'>El</span> <span class='ocrx_word' id='word_1_316' title='bbox 863 2193 1021 2213; x_wconf 78' lang='lat' dir='ltr'>MVLTAVE</span> <span class='ocrx_word' id='word_1_317' title='bbox 1038 2192 1113 2212; x_wconf 75' lang='lat' dir='ltr'>snzT</span> <span class='ocrx_word' id='word_1_318' title='bbox 1129 2182 1317 2212; x_wconf 80' lang='lat' dir='ltr'>Mommsen</span> <span class='ocrx_word' id='word_1_319' title='bbox 1408 2193 1428 2220; x_wconf 89' lang='lat'>9</span> <span class='ocrx_word' id='word_1_320' title='bbox 1453 2183 1575 2221; x_wconf 80' lang='lat' dir='ltr'>collegi</span> 
     </span>
     <span class='ocr_line' id='line_1_33' title="bbox 246 2224 1578 2268; baseline -0.005 -7"><span class='ocrx_word' id='word_1_321' title='bbox 246 2230 331 2261; x_wconf 78' lang='lat' dir='ltr'>codd.</span> <span class='ocrx_word' id='word_1_322' title='bbox 352 2242 358 2261; x_wconf 79' lang='lat' dir='ltr'>z</span> <span class='ocrx_word' id='word_1_323' title='bbox 383 2230 545 2268; x_wconf 83' lang='lat' dir='ltr'>conlegae</span> <span class='ocrx_word' id='word_1_324' title='bbox 570 2228 750 2258; x_wconf 73' lang='lat' dir='ltr'>Ascensz’tts</span> <span class='ocrx_word' id='word_1_325' title='bbox 779 2227 839 2266; x_wconf 79' lang='lat' dir='ltr'>(ed.</span> <span class='ocrx_word' id='word_1_326' title='bbox 871 2228 906 2259; x_wconf 51' lang='grc' dir='ltr'>εδ</span> <span class='ocrx_word' id='word_1_327' title='bbox 1044 2236 1082 2256; x_wconf 92' lang='lat'>10</span> <span class='ocrx_word' id='word_1_328' title='bbox 1107 2225 1198 2265; x_wconf 88' lang='lat' dir='ltr'>cum]</span> <span class='ocrx_word' id='word_1_329' title='bbox 1225 2227 1315 2265; x_wconf 88' lang='lat' dir='ltr'>quod</span> <span class='ocrx_word' id='word_1_330' title='bbox 1341 2225 1362 2255; x_wconf 94' lang='lat' dir='ltr'><em>I</em></span> <span class='ocrx_word' id='word_1_331' title='bbox 1387 2224 1578 2265; x_wconf 70' lang='lat' dir='ltr'>lVescnlmg</span> 
     </span>
     <span class='ocr_line' id='line_1_34' title="bbox 250 2268 1579 2313; baseline -0.005 -9"><span class='ocrx_word' id='word_1_332' title='bbox 250 2285 286 2313; x_wconf 84' lang='lat'>15</span> <span class='ocrx_word' id='word_1_333' title='bbox 313 2274 555 2313; x_wconf 82' lang='lat' dir='ltr'>praescriptum</span> <span class='ocrx_word' id='word_1_334' title='bbox 577 2272 628 2303; x_wconf 83' lang='lat' dir='ltr'>P:</span> <span class='ocrx_word' id='word_1_335' title='bbox 660 2273 884 2311; x_wconf 82' lang='lat' dir='ltr'>proscriptum</span> <span class='ocrx_word' id='word_1_336' title='bbox 911 2269 1019 2299; x_wconf 86' lang='grc' dir='ltr'>ΝΟΜ</span> <span class='ocrx_word' id='word_1_337' title='bbox 1154 2271 1190 2299; x_wconf 84' lang='lat'>16</span> <span class='ocrx_word' id='word_1_338' title='bbox 1214 2268 1319 2309; x_wconf 71' lang='lat' dir='ltr'>quod]</span> <span class='ocrx_word' id='word_1_339' title='bbox 1346 2280 1412 2307; x_wconf 84' lang='lat' dir='ltr'>quo</span> <span class='ocrx_word' id='word_1_340' title='bbox 1440 2268 1579 2309; x_wconf 74' lang='lat' dir='ltr'>llladw‘g</span> 
     </span>
     <span class='ocr_line' id='line_1_35' title="bbox 251 2312 1576 2356; baseline -0.005 -8"><span class='ocrx_word' id='word_1_341' title='bbox 251 2328 287 2356; x_wconf 89' lang='lat'>17</span> <span class='ocrx_word' id='word_1_342' title='bbox 314 2322 488 2348; x_wconf 81' lang='lat' dir='ltr'>uterentur</span> <span class='ocrx_word' id='word_1_343' title='bbox 514 2316 587 2346; x_wconf 78' lang='lat' dir='ltr'>add.</span> <span class='ocrx_word' id='word_1_344' title='bbox 616 2315 796 2345; x_wconf 76' lang='lat' dir='ltr'>Ascensius</span> <span class='ocrx_word' id='word_1_345' title='bbox 905 2313 950 2344; x_wconf 89' lang='lat' dir='ltr'>Vt</span> <span class='ocrx_word' id='word_1_346' title='bbox 976 2312 1186 2352; x_wconf 62' lang='lat' dir='ltr'>fflnlaspina:</span> <span class='ocrx_word' id='word_1_347' title='bbox 1220 2318 1277 2343; x_wconf 84' lang='lat' dir='ltr'>aut</span> <span class='ocrx_word' id='word_1_348' title='bbox 1303 2312 1388 2343; x_wconf 85' lang='lat' dir='ltr'>codd.</span> <span class='ocrx_word' id='word_1_349' title='bbox 1534 2323 1576 2343; x_wconf 80' lang='lat'>20</span> 
     </span>
     <span class='ocr_line' id='line_1_36' title="bbox 247 2356 1574 2399; baseline -0.002 -9"><span class='ocrx_word' id='word_1_350' title='bbox 247 2361 318 2390; x_wconf 67' lang='lat' dir='ltr'>sive</span> <span class='ocrx_word' id='word_1_351' title='bbox 337 2385 343 2391; x_wconf 85' lang='lat'><strong>.</strong></span> <span class='ocrx_word' id='word_1_352' title='bbox 363 2386 369 2392; x_wconf 91' lang='lat'><em>.</em></span> <span class='ocrx_word' id='word_1_353' title='bbox 392 2386 398 2392; x_wconf 91' lang='lat'><em>.</em></span> <span class='ocrx_word' id='word_1_354' title='bbox 420 2361 505 2399; x_wconf 62' lang='lat' dir='ltr'>sive]</span> <span class='ocrx_word' id='word_1_355' title='bbox 524 2359 644 2390; x_wconf 64' lang='lat' dir='ltr'>Orelli:</span> <span class='ocrx_word' id='word_1_356' title='bbox 668 2359 738 2389; x_wconf 85' lang='lat' dir='ltr'>sive</span> <span class='ocrx_word' id='word_1_357' title='bbox 759 2358 866 2389; x_wconf 84' lang='lat' dir='ltr'>OMs:</span> <span class='ocrx_word' id='word_1_358' title='bbox 891 2358 964 2387; x_wconf 83' lang='lat' dir='ltr'>Sine</span> <span class='ocrx_word' id='word_1_359' title='bbox 983 2356 1067 2387; x_wconf 80' lang='lat' dir='ltr'>NP:</span> <span class='ocrx_word' id='word_1_360' title='bbox 1093 2357 1221 2387; x_wconf 85' lang='lat' dir='ltr'>scilicet</span> <span class='ocrx_word' id='word_1_361' title='bbox 1246 2356 1465 2386; x_wconf 78' lang='lat' dir='ltr'>Lallemaml:</span> <span class='ocrx_word' id='word_1_362' title='bbox 1491 2367 1574 2387; x_wconf 75' lang='lat' dir='ltr'>sane</span> 
     </span>
     <span class='ocr_line' id='line_1_37' title="bbox 246 2399 1486 2444; baseline -0.006 -8"><span class='ocrx_word' id='word_1_363' title='bbox 246 2405 337 2444; x_wconf 86' lang='lat' dir='ltr'>quod</span> <span class='ocrx_word' id='word_1_364' title='bbox 355 2404 531 2444; x_wconf 77' lang='lat' dir='ltr'>Hosmamz</span> <span class='ocrx_word' id='word_1_365' title='bbox 666 2412 704 2433; x_wconf 86' lang='lat'>21</span> <span class='ocrx_word' id='word_1_366' title='bbox 733 2401 858 2433; x_wconf 86' lang='lat' dir='ltr'>suerint</span> <span class='ocrx_word' id='word_1_367' title='bbox 869 2401 989 2432; x_wconf 77' lang='lat' dir='ltr'>Rosius</span> <span class='ocrx_word' id='word_1_368' title='bbox 1004 2412 1011 2431; x_wconf 89' lang='lat'>:</span> <span class='ocrx_word' id='word_1_369' title='bbox 1037 2401 1171 2431; x_wconf 80' lang='lat' dir='ltr'>suerunt</span> <span class='ocrx_word' id='word_1_370' title='bbox 1185 2400 1234 2431; x_wconf 83' lang='lat' dir='ltr'>vel</span> <span class='ocrx_word' id='word_1_371' title='bbox 1249 2400 1380 2430; x_wconf 79' lang='lat' dir='ltr'>fuerant</span> <span class='ocrx_word' id='word_1_372' title='bbox 1397 2399 1486 2432; x_wconf 69' lang='lat' dir='ltr'>codd.</span> 
     </span>
    </p>
   </div>
  </div>
 </body>
</html>
