1790 2837
623 132 734 169 EPP.
767 133 844 170 AD
874 134 1134 174 ATTICVM
1441 138 1518 176 111.
1541 137 1570 175 ii

204 238 412 279 consilium
451 240 569 279 totius
609 241 661 280 rei
701 242 911 293 capiemus.
972 246 1051 283 Iter
1082 259 1166 284 esse
1201 247 1409 285 molestum
1445 249 1525 287 scio

203 308 273 346 sed
302 314 384 346 tota
413 309 613 347 calamitas
644 310 772 348 omnis
803 312 1000 350 molestias
1027 314 1156 351 habet.
1217 316 1332 353 Plura
1359 316 1525 355 scribere

201 385 281 409 non
302 385 488 422 possum3
518 373 570 411 ita
598 388 683 412 sum
711 375 844 414 animo
871 379 1050 426 perculso
1071 386 1109 416 et
1133 378 1298 418 abiecto.
1359 382 1462 420 Cura
1484 389 1524 420 ut

202 438 341 476 valeas.
403 440 506 476 Data
527 451 565 476 VI
590 441 685 478 Idus
707 441 851 491 Aprilis
873 442 1043 481 Naribus
1065 445 1159 483 Luc.

161 553 178 585 5
242 551 315 585 III
469 555 544 588 Ser.
561 557 595 587 in
613 557 719 588 itinere
734 558 799 589 circ.
820 558 906 589 Non.
922 559 1006 599 Apr.
1028 570 1057 590 a.
1079 561 1144 600 696
1163 561 1249 602 (58).

618 634 792 665 CICERO
815 634 987 666 ATTICO
1013 636 1110 668 SAL.

252 709 412 747 Vtinam
429 710 537 748 illum
554 711 660 750 diem
674 711 827 750 videam
849 726 940 750 cum
957 712 1027 751 tibi
1043 727 1155 763 agam
1171 715 1311 764 gratias
1333 718 1440 766 quod
1458 731 1520 757 me

198 772 323 812 vivere
348 775 531 825 coegisti!
562 778 692 814 adhuc
722 776 883 827 quidem
907 779 1021 816 valde
1046 792 1108 817 me
1135 780 1318 829 paenitet.
1378 784 1455 820 Sed
1483 791 1520 821 te

195 851 264 876 oro
295 847 336 877 ut
367 841 418 877 ad
448 854 511 878 me
540 841 738 880 Vibonem
770 842 899 880 statim
929 844 1061 882 venias
1089 858 1168 894 quo
1200 860 1272 895 ego
1307 848 1438 885 multis
1469 849 1518 887 de

136 918 175 941 10
195 903 321 941 causis
361 905 534 943 converti
573 905 643 944 iter
683 921 825 945 meum.
886 910 963 947 Sed
1003 922 1050 947 eo
1089 909 1121 947 si
1151 911 1312 958 veneris,
1349 914 1399 951 de
1434 922 1517 952 toto

194 968 328 1007 itinere
362 983 407 1008 ac
442 972 531 1020 fuga
565 985 652 1010 mea
683 972 890 1010 consilium
922 987 1061 1024 capere
1090 983 1237 1024 potero.
1297 977 1336 1016 Si
1367 977 1405 1016 id
1436 992 1516 1017 non

193 1034 339 1082 feceris,
363 1034 557 1083 1nirabor3
587 1037 655 1075 sed
676 1038 836 1076 confido
857 1046 894 1076 te
915 1052 999 1077 esse
1020 1040 1223 1079 facturum.

234 1141 300 1176 IV
345 1144 413 1177 Ser.
431 1143 464 1175 in
478 1145 585 1175 itz'nerz’
605 1146 690 1176 inter
702 1145 734 1175 V
732 1146 857 1220 thorzctg
877 1151 906 1177 el
914 1147 1143 1230 ὁξηιηαίἱςίιιιη
1162 1153 1238 1189 post
1253 1155 1297 1191 ep.
1313 1161 1334 1190 5
1357 1151 1406 1183 Id.
1427 1153 1509 1194 Apu

743 1201 774 1220 α.
793 1195 832 1230 09
873 1196 912 1229 ς]
952 1215 959 1222 .

131 1264 168 1297 ¹5
600 1266 775 1297 CICERO
800 1266 972 1298 ATTICO
998 1268 1095 1299 SAL.

243 1343 426 1383 Miseriae
447 1351 601 1382 nostrae
621 1343 751 1393 potius
771 1344 887 1382 velim
909 1358 1027 1394 quarn
1052 1345 1338 1387 inconstantiae
1365 1349 1510 1390 tribuas

186 1412 295 1460 quod
325 1409 518 1447 aVibone
558 1422 636 1458 quo
669 1416 706 1446 te
744 1410 1037 1448 arcessebamus
1076 1412 1206 1450 subito
1245 1413 1507 1455 discessimus.

186 1477 330 1514 Adlata
347 1483 404 1513 est
421 1474 526 1513 enim
545 1473 659 1512 nobis
680 1473 828 1523 rogatio
849 1475 899 1512 de
919 1475 1091 1524 pernicie
1107 1491 1195 1515 mea
1208 1492 1218 1525 3
1247 1478 1287 1516 in
1304 1492 1381 1529 qua
1401 1483 1510 1530 quod

185 1549 402 1579 correctum
438 1554 522 1578 esse
559 1538 807 1577 audieramus
839 1548 919 1578 erat
948 1540 1031 1578 eius
1063 1542 1172 1580 modi
1206 1550 1248 1581 ut
1281 1544 1377 1582 mihi
1412 1547 1511 1585 ultra

126 1621 164 1643 20
184 1605 397 1656 quingenta
436 1605 542 1644 milia
576 1605 707 1643 liceret
747 1618 841 1651 esse,
876 1604 967 1642 illuc
1006 1606 1206 1654 pervenire
1245 1621 1325 1646 non
1364 1609 1506 1649 liceret.

183 1672 321 1709 Statim
342 1672 413 1711 iter
433 1672 687 1711 Brundisium
710 1684 842 1709 versus
870 1671 1018 1708 contuli
1039 1679 1130 1710 ante
1156 1673 1261 1711 diem
1283 1675 1505 1724 rogationis,

182 1750 231 1775 ne
259 1745 296 1775 et
323 1737 434 1776 Sicca
462 1739 568 1787 apud
593 1752 711 1788 quem
744 1751 849 1775 eram
874 1735 1014 1785 periret
1041 1744 1079 1774 et
1106 1739 1213 1786 quod
1237 1739 1398 1778 Melitae
1422 1754 1507 1780 esse

181 1816 261 1840 non
283 1803 434 1842 licebat.
494 1805 613 1842 Nunc
634 1812 674 1842 tu
702 1818 867 1854 propera
888 1810 929 1841 ut
955 1816 1026 1840 nos
1051 1816 1303 1852 consequare,
1326 1805 1357 1842 si
1385 1807 1505 1845 modo

181 1868 422 1918 recipiemur.
481 1871 625 1908 Adhuc
655 1869 864 1907 invitamur
893 1868 1072 1918 benigne,
1096 1869 1165 1906 sed
1196 1871 1303 1918 quod
1330 1879 1505 1921 superest

122 1946 158 1977 25
181 1932 373 1972 timemus.
434 1936 514 1981 Me,
543 1934 597 1971 mi
618 1934 824 1983 Pomponi,
848 1935 961 1972 valde
988 1933 1161 1983 paenitet
1180 1933 1332 1982 vivere3
1361 1949 1437 1985 qua
1465 1936 1503 1974 in

179 2011 219 2036 re
245 2000 351 2047 apud
378 2013 440 2037 me
468 2007 508 2037 tu
538 1999 749 2050 plurimum
770 1998 934 2037 valuisti.
995 2000 1073 2037 Sed
1098 2000 1196 2037 haec
1223 2012 1365 2037 coram.
1426 2003 1503 2040 Fac

179 2064 301 2101 modo
321 2071 363 2101 ut
382 2063 525 2102 venias.

223 2176 242 2195 2
266 2170 359 2196 tanta
388 2165 576 2207 lVesenberg
686 2178 705 2205 4
732 2167 875 2198 Naribus
901 2168 979 2199 Luc.
1007 2168 1127 2199 Klotz:
1166 2170 1266 2201 Naris
1291 2171 1368 2200 Luc.
1389 2169 1500 2200 codd:

178 2209 219 2239 ad
238 2209 337 2239 Naris
354 2209 430 2239 Luc.
447 2209 532 2239 Boot
619 2211 639 2240 8
660 2212 796 2249 quidem
811 2210 864 2240 M*
879 2222 884 2240 :
912 2212 1067 2249 equidem
1084 2212 1171 2243 codd.
1269 2224 1308 2244 10
1329 2213 1397 2243 Sed
1411 2213 1498 2244 codd.

178 2252 215 2291 cf
234 2251 409 2282 Lehmann
426 2251 633 2293 ‘Quaest.’p.
653 2263 712 2292 75:
747 2254 877 2284 scilicet
902 2255 1107 2295 lVesenberg:
1132 2256 1189 2286 del.
1211 2256 1341 2295 Kayser
1462 2267 1501 2295 19

177 2300 366 2325 correctum
385 2295 428 2326 C:
455 2296 642 2327 consectum
659 2296 745 2328 codd.
838 2297 924 2328 ultra
942 2297 993 2327 M'
1011 2309 1016 2327 :
1044 2299 1132 2329 intra
1149 2299 1203 2328 M*
1337 2311 1379 2331 20
1402 2301 1498 2339 quin-

175 2343 278 2377 genta
294 2339 378 2369 Boot
393 2339 459 2369 coll.
477 2338 564 2369 Plut.
583 2339 642 2370 Cic.
661 2350 713 2379 32,
732 2340 832 2372 Dion.
849 2340 939 2371 Cass.
956 2342 1093 2372 xxxviii.
1118 2352 1164 2380 17.
1187 2353 1204 2381 7
1220 2354 1226 2374 :
1251 2344 1499 2382 quadringenta

175 2381 262 2413 codd.
399 2382 478 2413 illuc
493 2381 585 2414 HP:
608 2382 683 2414 illec
699 2382 749 2416 N:
776 2383 853 2415 illoc
871 2383 921 2414 Μ1
938 2396 943 2415 z
970 2384 1027 2416 illo
1044 2395 1117 2416 curn
1135 2385 1207 2416 M²s
1223 2397 1229 2417 :
1256 2387 1314 2418 illo
1337 2386 1367 2417 O
1385 2387 1470 2418 Boot

218 2452 280 2476 cic.
299 2452 347 2474 An
363 2453 436 2477 Αττ.
1391 2447 1412 2478 6
