1817 2832
665 128 776 165 EPP.
808 127 886 164 AD
915 126 1176 165 ATTICVM
1494 124 1562 161 IV.
1585 123 1695 160 xviii

245 236 461 276 Gabinium
494 239 600 288 apud
634 238 793 276 timidos
827 237 976 276 iudices
1014 235 1173 275 adiuvit.
1234 233 1447 275 Candidati
1480 247 1571 273 con-

244 303 389 340 sulares
409 316 547 341 omnes
568 303 621 341 rei
641 303 822 341 ambitus.
879 302 1046 340 Accedit
1066 301 1184 340 etiam
1206 300 1398 340 Gabinius
1413 314 1423 348 3
1451 312 1570 350 quem

243 368 286 404 P.
319 368 426 406 Sulla
460 382 541 406 non
575 368 761 406 dubitans
792 367 888 417 quin
922 367 1013 405 foris
1046 374 1150 405 esset
1186 367 1401 416 postularat
1434 372 1570 404 contra

242 431 399 470 dicente
437 441 475 471 et
509 433 605 470 nihil
642 433 848 471 obtinente
872 434 1088 482 Torquato.
1151 432 1231 470 Sed
1269 444 1407 470 omnes
1443 430 1570 468 absol-

206 513 224 544 5
242 505 380 536 ventur
406 511 479 536 nec
499 499 664 548 posthac
685 498 892 548 quisquam
911 496 1166 535 damnabitur
1186 496 1259 534 nisi
1280 495 1347 546 qui
1366 494 1567 534 hominem

241 562 440 600 occiderit.
500 565 593 601 Hoc
614 570 747 601 tamen
767 561 892 612 agitur
911 561 1093 609 severius,
1110 561 1242 611 itaque
1263 560 1407 599 iudicia
1427 561 1564 598 calent.

243 627 298 664 M.
323 627 483 666 Fulvius
503 627 685 666 Nobilior
706 628 996 665 condemnatus
1022 633 1081 664 est
1094 640 1105 674 3
1134 625 1248 663 multi
1268 625 1332 663 alii
1352 624 1490 663 urbani
1517 638 1567 663 ne

240 694 481 742 respondent
501 693 673 742 quidem.

296 756 405 805 Quid
447 757 554 796 aliud
596 757 720 796 novi?
767 757 908 796 Etiam.
977 757 1175 795 Absoluto
1214 754 1386 794 Gabinio
1426 751 1817 803 stoma-4(xvl.12]

183 837 224 860 10
241 822 404 860 chantes
429 821 494 860 alii
520 821 670 861 iudices
696 824 792 860 hora
815 830 904 872 post
924 821 1168 860 Antiochum
1190 820 1405 859 Gabinium
1432 820 1567 859 nescio

240 900 360 936 quem
397 900 416 924 e
452 887 649 937 Sopolidis
687 887 903 937 pictoribus
941 886 1135 933 libertum,
1167 899 1379 924 accensum
1410 885 1568 934 Gabini,

239 953 324 1002 lege
364 952 485 1002 Papia
532 953 856 991 condemnarunt.
937 953 1078 1001 Itaque
1121 951 1218 989 dixit
1259 951 1388 989 statim
1431 952 1444 995 1
1466 964 1564 1001 resp.

239 1017 324 1066 lege
358 1016 570 1055 maiestatis
609 1021 1157 1056 ΟΥΕΟΙΜΡΙΕΑΜΑΦΙΗΗ.
1218 1015 1451 1066 Pomptinus
1484 1017 1567 1053 vult

237 1094 271 1119 a.
300 1082 336 1119 d.
368 1094 431 1119 1111
463 1083 566 1120 Non.
597 1083 811 1120 Novembr.
840 1082 1090 1132 triumphare.
1150 1080 1259 1119 Huic
1286 1081 1443 1118 obviam
1465 1082 1566 1120 Cato

180 1161 218 1192 15
239 1152 277 1183 et
308 1146 490 1184 Servilius
521 1154 717 1196 praetores
750 1147 802 1185 ad
834 1154 988 1196 portam
1027 1153 1066 1184 et
1098 1147 1146 1194 Q.
1183 1144 1340 1183 Mucius
1372 1145 1562 1183 tribunus.

239 1212 396 1261 Negant
424 1211 529 1249 enim
564 1212 686 1249 latum
717 1212 768 1249 de
801 1211 976 1261 imperio,
1005 1219 1044 1249 et
1077 1217 1135 1249 est
1170 1211 1292 1248 latum
1323 1211 1480 1249 hercule
1511 1210 1566 1249 in-

237 1277 349 1314 sulse.
410 1277 487 1314 Sed
508 1275 578 1314 erit
599 1289 689 1314 cum
707 1276 920 1326 Pomptino
934 1275 1088 1325 Appius
1109 1276 1258 1313 consul.
1312 1276 1412 1314 Cato
1433 1282 1564 1314 tamen

236 1341 416 1378 adfirmat
436 1354 477 1378 se
497 1340 585 1378 vivo
605 1340 715 1378 illum
740 1355 820 1379 non
842 1340 1181 1390 triumphaturum.
1244 1341 1291 1378 Id
1313 1353 1385 1389 ego
1406 1348 1502 1390 puto
1522 1348 1565 1378 ut

236 1406 360 1443 multa
388 1405 565 1443 eiusdem
599 1406 650 1443 ad
684 1405 851 1443 nihilum
886 1418 1119 1443 recasurum.
1179 1405 1333 1455 Appius
1367 1405 1450 1443 sine
1479 1407 1564 1455 lege

177 1484 218 1506 20
236 1483 308 1508 suo
329 1478 487 1519 sumptu
508 1469 548 1507 in
569 1469 749 1508 Ciliciam
769 1469 924 1519 cogitat.

288 1536 325 1572 A
347 1534 498 1583 Quinto
524 1535 638 1572 fratre
664 1541 702 1572 et
721 1548 745 1572 a
765 1535 932 1573 Caesare
957 1534 1092 1584 accepi
1112 1548 1144 1572 a.
1168 1536 1204 1573 d.
1228 1547 1318 1572 V1111
1346 1536 1434 1573 Kal.
1458 1536 1559 1574 Nov.
1580 1530 1743 1579 5(XV11·
1768 1530 1809 1580 3)

233 1599 378 1637 litteras
408 1600 519 1637 datas
548 1613 571 1636 a
599 1598 777 1637 litoribus
811 1599 1035 1638 Britanniae
1066 1600 1252 1650 proximis
1281 1614 1313 1638 a.
1340 1602 1377 1638 d.
1401 1612 1441 1638 v1
1471 1603 1559 1639 Kal.

234 1665 394 1703 Octobr.
466 1665 659 1703 Confecta
708 1664 922 1711 Britannia,
970 1664 1176 1703 obsidibus
1223 1665 1408 1715 acceptis,
1456 1667 1563 1704 nulla

233 1730 387 1779 praeda,
424 1729 614 1779 imperata
651 1736 783 1767 tamen
822 1729 991 1779 pecunia
1029 1729 1240 1768 exercitum
1279 1744 1325 1768 ex
1361 1730 1559 1770 Britannia

175 1808 212 1839 25
234 1795 493 1844 reportabant.
559 1795 607 1843 Q.
642 1794 763 1832 Pilius
797 1803 877 1832 erat
908 1794 985 1832 iam
1023 1796 1074 1833 ad
1107 1796 1315 1834 Caesarem
1348 1797 1557 1845 profectus.

233 1861 305 1905 Tu,
330 1859 360 1896 si
386 1867 453 1897 aut
478 1873 588 1898 amor
612 1859 651 1897 in
679 1867 716 1898 te
743 1867 801 1897 est
831 1859 952 1897 nostri
982 1873 1028 1898 ac
1053 1867 1209 1898 tuorum
1235 1869 1301 1899 aut
1322 1863 1399 1899 ulla
1420 1863 1559 1901 veritas

231 1932 298 1962 aut
317 1924 434 1962 etiam
462 1924 493 1962 si
520 1924 622 1974 sapis
646 1938 692 1963 ac
719 1925 791 1963 frui
819 1925 895 1963 tuis
920 1925 1141 1963 commodis
1166 1926 1324 1975 cogitas,
1347 1928 1558 1966 adventare

277 2039 311 2059 11
340 2040 358 2059 e
377 2029 548 2068 Sopolidis
565 2031 749 2069 pictoribus
765 2031 897 2061 Bosins.
910 2031 946 2070 cf.
973 2031 1059 2061 Plz'u.
1080 2030 1125 2061 H.
1142 2031 1186 2061 N.
1206 2041 1307 2062 XXXV.
1331 2033 1390 2070 148
1407 2043 1413 2061 ε
1438 2032 1556 2063 solidis

231 2073 414 2111 pictoribus
430 2072 491 2102 M:
504 2073 619 2104 solidis
644 2075 837 2113 pectoribus
863 2074 961 2105 Rom.
990 2074 1105 2104 Baiter
1238 2085 1275 2104 12
1300 2075 1407 2115 resp.]
1429 2086 1507 2106 reus
1526 2076 1559 2105 P

232 2118 241 2153 (
256 2131 281 2140 z
292 2115 414 2155 Papia)
432 2117 506 2155 lege
523 2117 646 2147 Bosz'us
782 2128 819 2157 13
845 2116 882 2148 οὔ
899 2117 932 2148 α’
949 2116 1128 2157 οἵδ’,”Αρης
1143 2118 1208 2157 ἅμα
1224 2118 1332 2158 Παφίῃ
1349 2119 1481 2157 Bassus,
1499 2119 1558 2150 alit

230 2160 295 2188 alia
313 2170 368 2188 nec
383 2160 514 2189 meliora
674 2171 710 2199 ¹5
735 2162 775 2191 ad
795 2160 942 2201 portam]
967 2167 1084 2200 aperte
1101 2162 1200 2192 Rom.
1351 2165 1389 2192 16
1416 2163 1554 2201 Negant

228 2201 280 2231 E:
316 2207 416 2240 negat
442 2201 484 2231 ,Μ
614 2204 651 2233 18
679 2205 959 2243 triumphaturum
985 2205 1061 2235 M'2:
1097 2207 1305 2245 triumphare
1328 2205 1395 2243 MP.
1411 2206 1491 2245 sort.
1517 2217 1556 2236 ex

229 2246 435 2284 triumphare
451 2251 551 2285 supra
568 2246 586 2276 l.
610 2257 646 2284 14
794 2258 831 2287 19
856 2248 997 2278 nihilum
1014 2248 1161 2286 siesbye:
1189 2250 1270 2280 nihil
1288 2250 1375 2281 codd.
1511 2261 1553 2280 22

228 2289 391 2327 proximis
408 2289 511 2319 Boot:
536 2290 688 2328 proximo
706 2290 792 2322 rodd.
948 2302 988 2330 24
1007 2292 1168 2331 imperata
1180 2293 1227 2322 E:
1254 2294 1396 2333 imperat
1413 2293 1455 2323 Μ
1510 2304 1552 2324 ex

227 2331 278 2361 F:
302 2332 413 2362 eAnl.
430 2344 435 2361 ε
463 2337 514 2362 est
531 2333 586 2363 N:
609 2344 673 2364 om.
691 2332 732 2363 M
837 2335 880 2365 26
903 2334 970 2365 ulla
986 2335 1036 2366 E:
1063 2336 1154 2366 nulla
1168 2336 1209 2366 M
1340 2348 1378 2376 27
1405 2338 1505 2368 etiam
1523 2337 1551 2367 si

230 2373 314 2405 OF:
338 2375 366 2405 si
383 2375 482 2405 etiarn
500 2375 647 2406 ENHM
