1790 2837
84 125 187 163 11.x
541 127 598 164 M.
630 126 799 163 TVLLI
831 125 1140 165 CICERONIS

176 234 296 274 sciam
317 249 398 286 quo
418 235 483 274 die
502 242 541 274 te
561 234 679 274 visuri
706 235 838 274 simus.
898 235 963 273 Ab
983 235 1091 286 Appi
1116 238 1218 275 Foro
1237 237 1335 276 hora
1355 243 1507 287 quarta.

177 302 375 339 Dederam
395 300 512 339 aliam
533 302 651 351 paulo
671 308 763 340 ante
781 314 806 339 a
824 300 969 340 Tribus
990 301 1196 340 Tabernis.

220 419 288 454 XI
407 421 477 454 Ser.
497 422 531 453 in
546 422 730 454 Formiano
745 422 813 454 circ.
834 423 869 453 vi
882 422 925 454 K.
946 421 1027 455 Mai.
1046 433 1078 454 a.
1101 424 1160 464 695
1176 423 1264 464 (59).

586 510 761 541 CICERO
793 510 966 542 ATTICO
1001 510 1098 542 SAL.

138 613 154 639 1
229 601 355 639 Narro
386 599 467 647 tibi,
494 601 611 650 plane
640 601 832 650 relegatus
862 599 959 638 mihi
987 599 1124 639 videor
1151 608 1290 651 postea
1318 614 1438 651 quam
1467 600 1507 640 in

175 665 386 704 Formiano
416 679 514 703 sum.
576 665 671 704 Dies
700 665 807 704 enim
837 667 967 704 nullus
999 673 1090 713 erat,
1122 665 1219 704 Anti
1246 679 1337 704 cum
1367 679 1505 714 essem,

173 744 253 780 quo
278 731 342 770 die
373 745 454 770 non
482 731 621 770 melius
651 730 791 769 scirem
820 732 975 769 Romae
999 730 1096 781 quid
1124 738 1303 781 ageretur
1332 745 1452 781 quam
1482 731 1508 770 ii

174 797 240 846 qui
271 805 379 835 erant
411 799 575 836 Romae.
636 796 795 835 Etenim
834 797 986 835 litterae
1018 805 1109 835 tuae
1140 811 1222 836 non
1250 799 1379 836 solum
1410 797 1506 848 quid

175 862 329 900 Romae
359 863 429 900 sed
459 861 577 900 etiam
609 861 706 912 quid
736 862 776 900 in
808 876 848 900 re
880 861 1052 912 publiea,
1081 876 1212 912 neque
1242 864 1370 901 solum
1410 862 1507 913 quid

172 928 282 965 fieret
305 940 440 966 verum
471 927 589 965 etiam
620 926 717 977 quid
746 928 920 965 futurum
951 935 1054 966 esset
1086 927 1327 966 indicabant.
1388 929 1508 966 Nune

172 991 247 1030 nisi
268 991 299 1030 si
320 991 416 1042 quid
437 1006 483 1031 ex
503 1000 775 1043 praetereunte
795 992 943 1031 viatore
970 1000 1179 1043 exceptum
1200 1001 1268 1041 est,
1293 993 1390 1032 scire
1410 993 1507 1031 nihil

171 1070 394 1107 possumus.
436 1059 527 1107 Qua
542 1072 582 1097 re
598 1072 840 1108 quamquam
860 1057 939 1096 iam
959 1065 997 1097 te
1017 1058 1147 1108 ipsum
1163 1066 1358 1109 exspecto,
1375 1066 1507 1097 tamen

172 1121 235 1160 isti
255 1136 378 1172 puero
398 1136 516 1172 quem
538 1124 589 1161 ad
610 1137 673 1161 me
694 1123 825 1161 statim
845 1123 940 1161 iussi
955 1137 1151 1162 recurrere
1171 1124 1222 1162 da
1242 1125 1507 1173 ponderosam

172 1186 345 1237 aliquam
385 1187 594 1238 epistulam
627 1189 787 1238 plenam
826 1187 1006 1226 omnium
1045 1202 1127 1227 non
1166 1189 1288 1227 modo
1327 1196 1506 1227 aetorum

172 1252 243 1290 sed
264 1251 382 1290 etiam
403 1252 637 1302 opinionum
658 1260 826 1301 tuarum,
845 1266 892 1291 ae
919 1252 1025 1291 diem
1053 1266 1133 1303 quo
1164 1254 1294 1291 Roma
1316 1252 1366 1291 sis
1388 1252 1506 1291 exitu-

129 1331 154 1358 2
173 1331 236 1356 rus
263 1331 356 1356 cura
381 1325 424 1356 ut
451 1317 584 1356 sciam.
644 1319 729 1357 Nos
758 1318 799 1355 in
828 1317 1040 1356 Formiano
1064 1331 1149 1356 esse
1169 1319 1351 1356 volumus
1381 1331 1506 1368 usque

171 1384 222 1421 ad
250 1382 347 1433 prid.
372 1384 511 1421 Nonas
540 1382 679 1421 Maias.
740 1384 802 1421 Eo
829 1382 860 1420 si
889 1390 981 1421 ante
1002 1396 1090 1421 eam
1110 1382 1217 1421 diem
1238 1396 1320 1421 non
1340 1383 1504 1430 veneris,

172 1449 327 1485 Romae
356 1454 395 1486 te
424 1449 587 1487 fortasse
608 1448 754 1487 videbo
770 1462 780 1496 3
809 1461 902 1486 nam
932 1447 1128 1498 Arpinum
1158 1446 1254 1498 quid
1284 1461 1357 1498 ego
1387 1455 1425 1487 te
1452 1447 1508 1486 in-

170 1512 320 1552 fioem?

306 1579 466 1629 Τρηχεῖ’,
497 1579 584 1617 ἀλλ’
614 1578 736 1631 ἀγαθὴ
767 1579 1026 1628 κουροτρόφος,
1059 1577 1135 1616 οὔτ’
1166 1576 1221 1627 ἄρ’
1251 1578 1366 1630 ἔγωγε

305 1643 348 1693 ἧς
375 1645 482 1696 γαίης
511 1644 666 1693 δύναμαι
694 1644 968 1696 γλυκερώτερον
997 1645 1095 1682 ἄλλο
1125 1643 1279 1682 ἰδέσθαι.

171 1709 286 1747 Haec
307 1708 432 1759 igitur.
494 1710 599 1748 Cura
619 1716 662 1747 ut
681 1710 821 1747 valeas

213 1828 306 1864 XII
397 1831 468 1864 Scr.
488 1843 509 1863 a
531 1831 648 1863 Tribus
670 1831 824 1863 Tabernis
840 1831 899 1864 m‘ic‘
914 1832 956 1864 K.
979 1832 1061 1863 Mai.
1081 1842 1112 1865 a.
1131 1832 1191 1872 695
1209 1831 1295 1873 (59).

582 1919 758 1951 CICERO
790 1919 962 1951 ATTICO
996 1919 1094 1951 SAL.

136 2020 155 2049 1
228 2009 384 2057 Negent
411 2007 465 2045 illi
493 2008 678 2047 Publium
707 2009 908 2059 plebeium
935 2010 1082 2047 factum
1116 2010 1231 2047 esse?
1289 2009 1382 2046 Hoc
1412 2020 1505 2045 vero

171 2085 335 2121 regnum
369 2079 428 2111 est
461 2080 499 2111 et
533 2074 620 2111 ferri
655 2076 764 2113 nullo
798 2081 915 2124 pacto
946 2081 1086 2125 potest.
1160 2072 1325 2112 Emittat
1355 2073 1407 2111 ad
1441 2086 1505 2111 me

171 2138 334 2176 Publius
355 2138 422 2188 qui
449 2139 685 2190 obsignent3
713 2140 851 2179 iurabo
879 2142 1061 2179 Gnaeum
1085 2146 1274 2185 nostrum,
1299 2140 1504 2189 conlegam

170 2203 295 2251 Balbi,
315 2203 410 2242 Anti
432 2204 528 2242 mihi
549 2218 724 2244 narrasse
744 2219 782 2244 se
800 2205 841 2243 in
861 2205 1038 2256 auspicio
1060 2204 1188 2243 fuisse.

215 2317 252 2346 15
278 2308 367 2339 diem
399 2307 450 2340 E:
488 2308 544 2339 die
575 2307 619 2340 M
864 2317 905 2348 25
931 2308 1068 2347 Negant
1104 2308 1293 2349 Wesenberg
1380 2309 1504 2339 factum

169 2361 187 2381 a
211 2361 247 2381 se
273 2362 349 2382 esse
376 2352 454 2383 coni.
478 2352 581 2383 Orelli
725 2355 767 2383 26
790 2356 841 2383 est
861 2357 894 2384 et
918 2352 997 2383 ferri
1013 2377 1021 2384 .
1041 2376 1048 2384 .
1070 2376 1077 2384 .
1101 2357 1213 2392 potest
1229 2350 1294 2385 Zb:
1321 2362 1396 2383 esse
1415 2352 1504 2383 serre

169 2418 175 2426 .
197 2419 203 2426 .
224 2419 231 2426 .
253 2400 350 2434 potes
368 2394 409 2425 M
537 2397 580 2426 28
604 2406 641 2427 se
658 2395 734 2428 add.
751 2396 841 2438 vulg.

1529 610 1547 644 5

1531 940 1570 962 10

1527 1589 1568 1612 20

1528 2022 1565 2053 25
