1817 2832
183 912 221 934 10

179 1613 220 1635 20

646 147 758 186 EPP.
791 148 869 185 AD
898 149 1156 188 ATTICVM
1507 153 1576 191 IV.
1595 153 1640 189 xi

242 262 376 294 metuo
390 263 522 295 tamen
543 270 593 295 ne
609 257 705 295 mihi
726 272 854 297 sermo
870 259 980 297 desit.
1036 260 1145 300 †Abs
1163 268 1200 299 te
1221 267 1362 311 operet
1385 263 1568 301 delector.

241 321 304 358 Tu
326 320 499 359 Lucceio
520 330 696 360 nostrum
723 322 865 360 librum
887 323 1010 362 dabis.
1072 325 1248 363 Demetri
1279 327 1475 376 Magnetis
1500 327 1571 366 tibi

242 383 366 431 mitto,
390 385 519 423 statim
541 394 583 424 ut
604 386 653 424 sit
673 387 741 436 qui
761 401 784 425 a
805 395 842 426 te
863 388 959 426 mihi
980 388 1186 439 epistulam
1209 391 1356 429 referat.

283 484 375 519 XII
676 490 746 521 scr.
766 502 810 522 m.
831 491 912 522 Mai.
930 502 961 522 a.
980 493 1044 533 699
1060 492 1142 533 (ᾗ).

661 566 835 598 CICERO
860 568 1031 598 ATTICO
1057 568 1153 601 SAL.

296 641 485 691 Egnatius
517 644 670 683 Romae
700 652 769 682 est.
828 645 906 683 Sed
935 659 1008 695 ego
1039 659 1129 684 cum
1157 660 1205 685 eo
1231 649 1282 686 de
1308 661 1348 686 re
1377 648 1570 688 Halimeti

241 707 495 745 vehementer
529 708 624 745 Anti
659 708 729 758 egi.
789 709 966 748 Graviter
998 724 1039 748 se
1068 718 1247 749 acturum
1282 726 1371 750 cum
1408 713 1570 762 Aquilio

241 771 495 810 confirmavit.
555 772 720 811 Videbis
760 787 851 823 ergo
893 774 1095 812 hominem
1138 775 1169 813 si
1208 777 1326 814 voles.
1386 777 1569 816 Macroni

239 835 302 872 vix
321 835 456 874 videor
475 845 630 886 praesto
651 851 735 876 esse
746 844 880 887 posse3
910 838 1048 877 Idibus
1069 839 1174 877 enirn
1191 839 1416 878 auctionem
1438 841 1571 879 Larini

240 899 356 938 video
387 908 425 938 et
459 901 625 939 biduum
660 910 868 952 praeterea.
929 904 977 941 Id
1016 911 1067 949 tu,
1105 903 1294 953 quoniam
1335 906 1568 943 Macronem

239 965 336 1003 tanti
359 965 464 1012 facis,
489 965 668 1015 ignoscas
691 967 785 1004 mihi
806 967 935 1006 velim.
981 969 1059 1006 Sed
1081 968 1112 1006 si
1133 982 1196 1007 me
1218 969 1357 1019 diligis,
1380 970 1571 1019 postridie

241 1031 329 1067 Kal.
354 1043 451 1067 cena
471 1032 578 1080 apud
599 1045 662 1069 me
683 1045 773 1069 cum
796 1032 903 1069 Pilia.
954 1033 1115 1070 Prorsus
1136 1032 1176 1071 id
1198 1033 1326 1072 facies.
1374 1034 1569 1073 Kalendis

239 1094 368 1145 cogito
385 1095 424 1132 in
441 1095 562 1134 hortis
577 1096 820 1146 Crassipedis
837 1097 947 1146 quasi
967 1096 1006 1134 in
1023 1097 1246 1136 deversorio
1262 1112 1411 1137 cenare.
1450 1100 1569 1138 Facio

239 1160 417 1198 fraudem
448 1168 605 1198 senatus
635 1162 825 1199 consulto.
887 1162 987 1199 Inde
1016 1162 1182 1200 domum
1216 1170 1389 1210 cenatus,
1421 1170 1463 1201 ut
1494 1163 1568 1202 sim

200 1236 217 1267 5
241 1237 356 1262 mane
376 1232 530 1274 praesto
562 1225 715 1263 Miloni.
776 1225 838 1264 Ibi
868 1233 905 1264 te
932 1225 1045 1275 igitur
1069 1225 1214 1265 videbo
1244 1235 1281 1265 et
1311 1229 1564 1277 permanebo.

242 1291 396 1327 Domus
417 1298 454 1327 te
475 1297 607 1328 nostra
628 1297 710 1328 tota
730 1291 880 1328 salutat.

281 1389 397 1424 XIII
444 1392 512 1424 Scr.
536 1393 568 1423 in
592 1393 778 1424 Tusculano
796 1404 840 1424 m.
860 1394 939 1425 Nov.
951 1397 1028 1434 post
1041 1395 1111 1425 xvii
1123 1395 1166 1425 K.
1186 1394 1261 1426 Dec.
1283 1406 1313 1427 a.
1335 1397 1398 1438 699
1417 1396 1501 1437 (55).

659 1463 834 1494 CICERO
858 1464 1028 1494 ATTICO
1055 1464 1152 1495 SAL.

293 1535 378 1572 Nos
398 1534 438 1572 in
459 1536 731 1573 Tusculanum
752 1536 904 1574 venisse
924 1550 956 1574 a.
980 1537 1017 1574 d.
1040 1548 1129 1574 xvn
1159 1538 1247 1575 Kal.
1274 1539 1368 1576 Dec.
1393 1538 1508 1577 video
1530 1546 1566 1577 te
1585 1547 1604 1575 1

239 1599 346 1637 scire.
409 1599 470 1638 Ibi
494 1600 707 1649 Dionysius
728 1601 844 1639 nobis
860 1609 1014 1651 praesto
1035 1601 1116 1640 fuit.
1177 1604 1330 1641 Romae
1354 1617 1386 1641 a.
1410 1604 1446 1641 d.
1470 1615 1565 1641 X1111

239 1666 327 1702 Kal.
344 1667 525 1703 volumus
547 1679 641 1703 esse.
690 1666 798 1714 Quid
819 1666 909 1704 dico
934 1668 1136 1704 ‘volumus
1150 1668 1187 1705 ⁷?
1216 1667 1338 1706 immo
1355 1682 1446 1706 vero
1466 1669 1567 1719 cogi-

237 1743 333 1768 mur.
394 1730 556 1769 Milonis
577 1730 747 1780 nuptiae.
808 1731 1068 1771 Comitiorum
1096 1746 1177 1770 non
1206 1734 1313 1770 nulla
1333 1733 1467 1783 opinio
1495 1741 1563 1772 est.

237 1797 333 1846 Ego,
357 1804 399 1834 ut
419 1796 467 1834 sit
488 1804 579 1844 rata,
601 1797 744 1835 afuisse
765 1811 828 1836 me
849 1797 888 1835 in
909 1797 1229 1836 altercationibus
1250 1812 1346 1848 quas
1367 1799 1406 1837 in
1428 1807 1565 1837 senatu

237 1861 357 1899 factas
377 1861 498 1900 audio
519 1863 600 1900 fero
621 1876 702 1900 non
723 1863 897 1900 moleste.
958 1864 1061 1900 Nam
1081 1870 1148 1900 aut
1169 1863 1434 1901 defendissem
1456 1866 1564 1913 quod

201 1940 218 1971 5
239 1938 320 1963 non
353 1927 523 1974 placeret
556 1933 623 1964 aut
653 1926 865 1965 defuissem
895 1927 958 1964 cui
992 1940 1073 1964 non
1107 1935 1313 1976 oporteret.
1384 1929 1462 1966 Sed
1501 1942 1563 1966 me

238 1990 396 2028 hercule
415 1990 531 2029 velim
553 2005 612 2029 res
633 1991 725 2029 istas
746 1999 783 2029 et
807 2000 1053 2041 praesentem
1081 1999 1225 2030 statum
1246 1992 1299 2030 rei
1324 1993 1505 2042 publicae
1525 2001 1563 2031 et

238 2067 318 2103 quo
350 2054 484 2093 animo
518 2057 699 2093 consules
730 2057 855 2093 ferant
888 2056 994 2093 hunc
1029 2058 1199 2102 σκυλμὸν
1232 2056 1377 2095 scribas
1411 2058 1461 2095 ad
1500 2071 1562 2095 me

284 2168 297 2188 1
324 2157 395 2188 Abs
413 2162 446 2188 te
463 2158 583 2197 opere]
595 2158 782 2189 Aristotele
799 2169 922 2197 magno
932 2169 1036 2198 opere
1047 2160 1127 2189 coni.
1138 2159 1236 2190 Orelli
1250 2172 1257 2190 :
1280 2160 1465 2191 Aristotele
1482 2160 1560 2191 coni.

243 2200 450 2240 Wesenberg:
477 2201 521 2231 ita
551 2202 593 2231 ab
610 2202 673 2232 isto
686 2212 788 2241 puero
811 2202 973 2241 Madvig:
997 2203 1056 2232 abs
1074 2207 1107 2232 te
1125 2203 1264 2242 opipare
1292 2203 1410 2233 Zr'elwn
1542 2214 1562 2234 2

236 2245 287 2275 Tu
306 2245 393 2284 vulg.
412 2256 418 2273 z
445 2249 480 2274 ut
498 2244 539 2274 M
667 2256 683 2284 7
710 2245 792 2275 Anti
823 2245 887 2275 (vel
909 2245 1017 2276 Antii}
1045 2245 1127 2276 Aut.
1149 2244 1239 2276 FH:
1271 2252 1350 2277 ante
1369 2247 1407 2277 M
1540 2257 1561 2286 9

237 2292 373 2326 praesto
398 2298 474 2318 csse
503 2298 604 2327 posse
628 2287 747 2319 Lamb.
773 2287 870 2317 codex
892 2299 980 2318 unus
997 2287 1223 2328 Malaspmae:
1248 2300 1314 2320 om.
1341 2300 1442 2328 posse
1467 2290 1555 2320 codd.

239 2331 354 2361 Idibus
372 2329 411 2359 ΖΙ
425 2330 541 2360 codices
556 2330 638 2360 Bosz'
651 2330 788 2360 NOPJ:
813 2342 877 2362 om.
900 2335 929 2361 Δ
1031 2341 1067 2370 15
1093 2333 1296 2371 permanebo
1318 2333 1459 2363 Gurlitt:
1484 2343 1560 2372 pro-

238 2374 379 2404 monebo
398 2373 484 2404 codd.
503 2385 510 2404 ε
535 2374 741 2412 promovebo
757 2374 904 2413 Kayser:
941 2374 1069 2404 Rornae
1090 2376 1231 2405 manebo
1249 2377 1327 2406 coni.
1349 2376 1433 2405 Reid
1520 2387 1561 2415 23

239 2417 321 2455 Ego,
350 2422 384 2447 ut
408 2418 450 2447 sit
477 2422 548 2446 rata
576 2417 664 2448 Crat.
692 2417 832 2448 Rosius:
867 2428 950 2456 ergo
978 2423 1011 2448 et
1039 2418 1068 2448 si
1097 2418 1182 2449 irata
1199 2418 1240 2449 M
1369 2429 1408 2459 27
1433 2420 1562 2451 scribas

240 2459 384 2492 CNOP:
403 2461 568 2491 rescribas
585 2465 613 2490 Δ
