1817 2832
103 143 173 182 IV.
192 143 269 181 xvi
611 143 668 181 M.
700 141 871 180 TVLLI
901 140 1208 180 CICERONIS

253 269 429 305 munere,
449 253 666 295 Memmius
683 253 862 293 Caesaris
882 254 1184 292 commendetur
1198 252 1400 301 militibus,
1414 250 1579 302 Pompei

253 320 381 359 Gallia
400 319 554 359 nitatur.
616 317 773 367 Quibus
794 317 825 355 si
846 331 928 355 non
947 317 1123 365 valuerit,
1142 324 1283 367 putant
1306 318 1388 356 fore
1407 317 1580 366 aliquem

253 384 319 435 qui
349 384 509 423 comitia
539 383 579 422 in
608 384 825 422 adventum
860 382 1038 429 Caesaris
1067 383 1262 429 detrudat,
1294 383 1447 421 Catone
1476 394 1582 431 prae-

252 449 384 488 sertim
414 450 608 489 absoluto.

0 522 95 573 [XVI.
125 522 188 571 15)
210 530 233 569 7
308 514 524 552 Paccianae
545 513 736 563 epistulae
762 513 960 563 respondi.
1021 515 1140 551 Nunc
1160 520 1198 551 te
1222 510 1417 562 obiurgari
1437 518 1578 561 patere,
1602 522 1618 553 5

252 578 284 617 si
306 579 398 617 iure.
458 577 604 617 Scribis
636 577 742 616 enim
777 578 817 616 in
857 592 903 616 ea
942 577 1109 628 epistula
1146 591 1265 627 quam
1301 577 1345 615 C.
1380 574 1582 613 Decimius

256 643 351 681 mihi
379 642 553 681 reddidit
583 643 778 680 Buthroto
805 644 938 680 datam
965 642 1005 680 in
1030 641 1166 680 Asiam
1196 640 1267 679 tibi
1296 641 1473 678 eundum
1499 652 1584 677 esse

255 717 292 748 te
316 707 502 748 arbitrari.
562 707 667 746 Mihi
696 721 760 746 me
783 708 943 745 hercule
967 707 1064 745 nihil
1084 707 1292 744 videbatur
1321 717 1406 743 esse
1434 703 1475 742 in
1505 717 1585 754 quo

255 776 449 813 tantulum
466 773 672 812 interesset
691 780 823 811 utrum
843 786 913 822 per
938 779 1208 822 procuratores
1228 783 1361 821 ageres
1382 783 1432 807 an
1458 782 1527 819 per
1547 776 1586 807 te

253 840 394 890 ipsum,
427 846 470 878 ut
498 852 522 878 a
551 838 627 877 tuis
657 837 801 877 totiens
831 845 870 875 et
899 844 979 875 tam
1008 838 1125 886 longe
1153 836 1321 874 abesses.
1382 835 1460 873 Sed
1488 835 1585 872 haec
1608 846 1646 868 10

256 907 413 943 mallem
445 903 595 954 integra
627 917 668 942 re
700 910 832 941 tecum
866 902 1043 952 egissem,
1080 903 1257 952 profecto
1291 899 1397 939 enim
1436 899 1586 949 aliquid

255 970 432 1021 egissem.
493 971 613 1008 Nunc
639 969 849 1019 reprimam
871 977 1094 1018 susceptam
1121 966 1446 1017 obiurgationem.
1505 964 1588 1004 Vti-

256 1050 348 1075 nam
369 1037 495 1074 valeat
515 1036 566 1074 ad
587 1034 827 1073 celeritatem
848 1034 994 1072 reditus
1016 1032 1071 1071 tui
1088 1034 1095 1071 1

312 1104 397 1151 Ego
417 1103 468 1140 ad
489 1108 527 1139 te
546 1108 753 1151 propterea
773 1099 904 1138 minus
925 1113 1041 1149 saepe
1062 1098 1190 1137 scribo
1211 1099 1320 1148 quod
1336 1104 1485 1136 certum
1506 1109 1588 1134 non

256 1167 386 1206 habeo
415 1166 484 1204 ubi
514 1166 565 1204 sis
594 1173 662 1204 aut
691 1164 760 1204 ubi
783 1166 935 1203 futurus
962 1164 1013 1202 sis
1028 1178 1038 1212 3
1067 1163 1160 1202 huic
1190 1171 1323 1201 tamen
1350 1162 1483 1200 nescio
1511 1160 1584 1207 cui,
1610 1173 1647 1205 15

257 1233 366 1282 quod
404 1231 612 1270 videbatur
649 1229 712 1268 isti
751 1236 784 1268 te
820 1229 972 1267 visurus
1009 1242 1108 1276 esse,
1141 1227 1276 1279 putavi
1313 1228 1464 1265 dandas
1503 1240 1588 1265 esse

257 1296 414 1335 litteras.
473 1297 537 1333 Tu
568 1294 757 1345 quoniam
789 1293 934 1332 iturum
963 1300 1001 1331 te
1031 1292 1072 1331 in
1100 1292 1238 1330 Asiam
1267 1305 1353 1330 esse
1381 1299 1506 1341 putas,
1538 1291 1589 1329 ad

259 1374 360 1411 quae
381 1367 560 1410 tempora
585 1367 624 1398 te
651 1366 925 1409 exspectemus
948 1356 1068 1396 facias
1094 1370 1158 1396 me
1185 1355 1390 1395 certiorem
1410 1355 1527 1394 velim
1551 1362 1590 1395 et

259 1427 309 1465 de
331 1424 554 1476 Eutychide
575 1423 672 1475 quid
693 1423 827 1474 egeris.

303 1532 439 1568 XVII
458 1530 654 1577 [XVIII]
701 1534 770 1566 Ser.
790 1535 920 1566 Romae
935 1534 978 1566 K.
1001 1534 1069 1566 Oct.
1091 1544 1121 1565 a.
1142 1543 1200 1574 700
1219 1532 1309 1575 (54).
1613 1543 1651 1565 20

675 1605 851 1636 CICERO
875 1605 1046 1636 ATTICO
1073 1604 1174 1636 SAL.

223 1690 240 1717 1
315 1682 418 1718 Puto
452 1686 491 1717 te
530 1677 750 1717 existimare
788 1691 852 1715 me
886 1690 992 1715 nunc
1026 1676 1194 1715 oblitum
1225 1673 1523 1714 consuetudinis
1553 1681 1592 1713 et

260 1744 427 1784 instituti
449 1743 527 1782 mei
547 1743 667 1781 rarius
687 1744 739 1781 ad
761 1750 798 1781 te
819 1742 987 1780 scribere
1009 1755 1128 1791 quam
1149 1741 1351 1788 solebam3
1378 1741 1448 1778 sed
1469 1753 1593 1789 quon-

260 1811 338 1849 iam
365 1811 452 1848 loca
479 1816 517 1848 et
549 1808 687 1846 itinera
714 1816 780 1846 tua
811 1807 908 1845 nihil
935 1807 1079 1844 habere
1109 1806 1204 1844 certi
1230 1805 1357 1852 video,
1390 1818 1519 1854 neque
1550 1804 1591 1842 in

261 1876 425 1926 Epirum
458 1888 588 1924 neque
612 1875 790 1912 Athenas
822 1886 952 1922 neque
983 1872 1023 1909 in
1048 1871 1184 1909 Asiam
1219 1870 1404 1920 cuiquam
1435 1869 1510 1907 nisi
1540 1870 1592 1908 ad
1613 1884 1651 1916 25

261 1949 299 1980 te
326 1941 455 1991 ipsum
482 1938 746 1990 proficiscenti
774 1938 866 1976 dedi
895 1937 1050 1976 litteras.
1110 1938 1252 1986 Neque
1283 1936 1387 1974 enim
1414 1949 1476 1972 eae
1503 1942 1593 1973 sunt

260 2006 450 2057 epistulae
474 2012 631 2044 nostrae
655 2018 756 2055 quae
780 2004 812 2043 si
839 2005 1009 2054 perlatae
1033 2016 1114 2041 non
1138 2001 1215 2040 sint
1242 2000 1338 2039 nihil
1362 2014 1408 2039 ea
1434 2014 1494 2038 res
1521 2013 1593 2038 nos

307 2121 321 2141 1
351 2110 488 2149 Pompei
517 2110 627 2140 Gallia
647 2109 710 2150 Ml,
747 2109 803 2139 vix
825 2107 1007 2139 tolerabile:
1035 2106 1173 2145 Pompei
1199 2105 1307 2144 gratia
1330 2104 1406 2135 M²z
1432 2104 1592 2143 Pompeio

261 2160 295 2186 et
312 2154 421 2185 Gallia
439 2153 525 2184 Reid
609 2164 648 2183 10
673 2158 707 2183 ut
722 2163 741 2182 a
753 2153 819 2183 tuis
830 2152 907 2182 coni.
920 2151 1004 2180 Boot
1017 2160 1024 2180 :
1042 2148 1188 2179 mutabis
1199 2146 1254 2179 M:
1275 2151 1311 2178 ut
1320 2147 1433 2178 abires
1444 2148 1594 2179 Ernesti:

261 2203 297 2229 ut
323 2210 342 2229 a
368 2198 464 2228 nobis
489 2197 567 2228 coni.
589 2196 761 2226 Meutzner
892 2193 1031 2227 totiens]
1059 2197 1107 2223 tot
1132 2192 1203 2222 dics
1228 2190 1402 2222 Meutsner
1555 2201 1589 2221 11

262 2243 374 2281 egisse
390 2240 443 2270 ΜΔ
466 2239 655 2280 ll'esenberg
797 2239 835 2268 16
861 2238 913 2267 isti
938 2241 969 2266 te
995 2236 1117 2265 Miiller
1132 2239 1207 2274 post
1227 2234 1367 2275 Madwsg
1389 2235 1448 2275 qm'
1469 2235 1542 2265 istic
1560 2239 1593 2265 te

262 2285 410 2316 dederat:
436 2296 500 2315 om.
522 2289 554 2314 te
573 2282 626 2313 M¹
807 2291 849 2311 22
875 2291 963 2310 nunc
981 2279 1082 2309 Pius:
1112 2289 1179 2308 non
1198 2277 1240 2307 M
1369 2288 1409 2316 23
1434 2278 1593 2317 quoniam

264 2329 385 2360 Orelli:
425 2339 499 2358 cum
532 2327 573 2357 M
704 2335 744 2364 25
779 2324 932 2363 cuiquam
969 2322 1176 2361 Wesenberg:
1212 2332 1322 2360 neque
1354 2323 1507 2361 cuiquam
1531 2320 1593 2353 M:

263 2382 375 2411 neque
387 2381 553 2410 quoquam
571 2370 725 2408 cuiquam
746 2368 852 2403 Klotz,
879 2367 936 2397 sed
957 2376 1123 2406 quoquam
1150 2365 1241 2404 apud
1265 2365 1445 2395 Ciceronem
1468 2365 1592 2395 rarissi-

264 2426 375 2453 mmm
400 2425 439 2445 ne
457 2414 542 2445 Verr.
563 2424 593 2445 v.
611 2422 652 2453 45
671 2412 799 2454 quidem
817 2414 938 2441 certum
955 2413 999 2439 cst
1129 2410 1171 2439 26
1196 2419 1256 2438 cac
1274 2407 1394 2439 Lamb.
1412 2420 1417 2439 ε
1442 2419 1506 2438 om.
1529 2407 1572 2438 M
