<?xml version="1.0" encoding="UTF-8"?>
<!DOCTYPE html PUBLIC "-//W3C//DTD XHTML 1.0 Transitional//EN"
    "http://www.w3.org/TR/xhtml1/DTD/xhtml1-transitional.dtd">
<html xmlns="http://www.w3.org/1999/xhtml" xml:lang="en" lang="en">
 <head>
  <title>
</title>
<meta http-equiv="Content-Type" content="text/html;charset=utf-8" />
  <meta name='ocr-system' content='tesseract 3.04.00' />
  <meta name='ocr-capabilities' content='ocr_page ocr_carea ocr_par ocr_line ocrx_word'/>
</head>
<body>
  <div class='ocr_page' id='page_1' title='image "./epistulaerecogno0201ciceuoft_0126.png"; bbox 0 0 1817 2832; ppageno 0'>
   <div class='ocr_carea' id='block_1_1' title="bbox 148 124 1202 163">
    <p class='ocr_par' dir='ltr' id='par_1_1' title="bbox 148 124 1202 163">
     <span class='ocr_line' id='line_1_1' title="bbox 148 124 1202 163; baseline 0.001 -1"><span class='ocrx_word' id='word_1_1' title='bbox 148 125 225 163; x_wconf 89' lang='lat' dir='ltr'>III.</span> <span class='ocrx_word' id='word_1_2' title='bbox 245 124 355 161; x_wconf 87' lang='lat' dir='ltr'><strong>xxiv</strong></span> <span class='ocrx_word' id='word_1_3' title='bbox 606 125 662 161; x_wconf 94' lang='lat' dir='ltr'><strong>M.</strong></span> <span class='ocrx_word' id='word_1_4' title='bbox 695 124 864 161; x_wconf 91' lang='lat' dir='ltr'>TVLLI</span> <span class='ocrx_word' id='word_1_5' title='bbox 895 124 1202 163; x_wconf 89' lang='lat' dir='ltr'>CICERONIS</span> 
     </span>
    </p>
   </div>
   <div class='ocr_carea' id='block_1_2' title="bbox 201 235 1636 2230">
    <p class='ocr_par' dir='ltr' id='par_1_2' title="bbox 240 235 1635 1055">
     <span class='ocr_line' id='line_1_2' title="bbox 241 235 1571 287; baseline 0 -13"><span class='ocrx_word' id='word_1_6' title='bbox 241 249 329 286; x_wconf 89' lang='lat' dir='ltr'><strong>spes</strong></span> <span class='ocrx_word' id='word_1_7' title='bbox 359 237 473 274; x_wconf 87' lang='lat' dir='ltr'><strong>esse?</strong></span> <span class='ocrx_word' id='word_1_8' title='bbox 528 237 589 273; x_wconf 84' lang='lat' dir='ltr'><strong>Ac</strong></span> <span class='ocrx_word' id='word_1_9' title='bbox 619 235 800 273; x_wconf 86' lang='lat' dir='ltr'><strong>videntur</strong></span> <span class='ocrx_word' id='word_1_10' title='bbox 829 235 911 274; x_wconf 89' lang='lat' dir='ltr'><strong>iure</strong></span> <span class='ocrx_word' id='word_1_11' title='bbox 941 249 1179 284; x_wconf 74' lang='lat' dir='ltr'><strong>suscensere,</strong></span> <span class='ocrx_word' id='word_1_12' title='bbox 1205 251 1295 275; x_wconf 89' lang='lat' dir='ltr'><strong>curn</strong></span> <span class='ocrx_word' id='word_1_13' title='bbox 1326 244 1364 275; x_wconf 90' lang='lat' dir='ltr'><strong>et</strong></span> <span class='ocrx_word' id='word_1_14' title='bbox 1393 243 1571 287; x_wconf 85' lang='lat' dir='ltr'><strong>expertes</strong></span> 
     </span>
     <span class='ocr_line' id='line_1_3' title="bbox 241 300 1573 352; baseline 0.001 -14"><span class='ocrx_word' id='word_1_15' title='bbox 241 301 379 339; x_wconf 87' lang='lat' dir='ltr'><strong>consili</strong></span> <span class='ocrx_word' id='word_1_16' title='bbox 400 300 542 338; x_wconf 91' lang='lat' dir='ltr'><strong>fuerint</strong></span> <span class='ocrx_word' id='word_1_17' title='bbox 563 300 598 338; x_wconf 92' lang='lat' dir='ltr'><strong>ei</strong></span> <span class='ocrx_word' id='word_1_18' title='bbox 623 300 690 350; x_wconf 85' lang='lat' dir='ltr'><strong>qui</strong></span> <span class='ocrx_word' id='word_1_19' title='bbox 718 314 877 339; x_wconf 85' lang='lat' dir='ltr'><strong>eausam</strong></span> <span class='ocrx_word' id='word_1_20' title='bbox 898 310 1072 340; x_wconf 81' lang='lat' dir='ltr'><strong>nostram</strong></span> <span class='ocrx_word' id='word_1_21' title='bbox 1100 310 1364 352; x_wconf 76' lang='lat' dir='ltr'><strong>susceperant,</strong></span> <span class='ocrx_word' id='word_1_22' title='bbox 1387 309 1425 341; x_wconf 89' lang='lat' dir='ltr'><strong>et</strong></span> <span class='ocrx_word' id='word_1_23' title='bbox 1445 309 1573 340; x_wconf 82' lang='lat' dir='ltr'><strong>vestra</strong></span> 
     </span>
     <span class='ocr_line' id='line_1_4' title="bbox 241 365 1572 417; baseline 0.001 -14"><span class='ocrx_word' id='word_1_24' title='bbox 241 365 497 404; x_wconf 86' lang='lat' dir='ltr'><strong>concessione</strong></span> <span class='ocrx_word' id='word_1_25' title='bbox 518 379 679 404; x_wconf 91' lang='lat' dir='ltr'><strong>omnem</strong></span> <span class='ocrx_word' id='word_1_26' title='bbox 700 365 778 404; x_wconf 88' lang='lat' dir='ltr'><strong>vim</strong></span> <span class='ocrx_word' id='word_1_27' title='bbox 800 366 859 405; x_wconf 92' lang='lat' dir='ltr'><strong>sui</strong></span> <span class='ocrx_word' id='word_1_28' title='bbox 880 366 972 405; x_wconf 90' lang='lat' dir='ltr'><strong>iuris</strong></span> <span class='ocrx_word' id='word_1_29' title='bbox 998 366 1212 413; x_wconf 82' lang='lat' dir='ltr'><strong>amiserint,</strong></span> <span class='ocrx_word' id='word_1_30' title='bbox 1233 367 1459 417; x_wconf 87' lang='lat' dir='ltr'><strong>praesertim</strong></span> <span class='ocrx_word' id='word_1_31' title='bbox 1481 380 1572 405; x_wconf 87' lang='lat' dir='ltr'><strong>cum</strong></span> 
     </span>
     <span class='ocr_line' id='line_1_5' title="bbox 240 430 1573 482; baseline 0.002 -14"><span class='ocrx_word' id='word_1_32' title='bbox 240 430 293 468; x_wconf 86' lang='lat' dir='ltr'><strong>ita</strong></span> <span class='ocrx_word' id='word_1_33' title='bbox 314 430 457 478; x_wconf 78' lang='lat' dir='ltr'><strong>dicant,</strong></span> <span class='ocrx_word' id='word_1_34' title='bbox 481 444 522 469; x_wconf 90' lang='lat' dir='ltr'><strong>se</strong></span> <span class='ocrx_word' id='word_1_35' title='bbox 542 438 676 469; x_wconf 85' lang='lat' dir='ltr'><strong>nostra</strong></span> <span class='ocrx_word' id='word_1_36' title='bbox 701 444 819 469; x_wconf 80' lang='lat' dir='ltr'><strong>causa</strong></span> <span class='ocrx_word' id='word_1_37' title='bbox 838 431 1008 470; x_wconf 85' lang='lat' dir='ltr'><strong>voluisse</strong></span> <span class='ocrx_word' id='word_1_38' title='bbox 1029 445 1140 470; x_wconf 85' lang='lat' dir='ltr'><strong>suam</strong></span> <span class='ocrx_word' id='word_1_39' title='bbox 1159 440 1396 482; x_wconf 88' lang='lat' dir='ltr'><strong>potestatem</strong></span> <span class='ocrx_word' id='word_1_40' title='bbox 1417 446 1502 470; x_wconf 92' lang='lat' dir='ltr'><strong>esse</strong></span> <span class='ocrx_word' id='word_1_41' title='bbox 1522 433 1573 470; x_wconf 90' lang='lat' dir='ltr'><strong>de</strong></span> 
     </span>
     <span class='ocr_line' id='line_1_6' title="bbox 241 495 1610 547; baseline 0.003 -14"><span class='ocrx_word' id='word_1_42' title='bbox 241 495 470 534; x_wconf 88' lang='lat' dir='ltr'><strong>consulibus</strong></span> <span class='ocrx_word' id='word_1_43' title='bbox 509 495 695 534; x_wconf 80' lang='lat' dir='ltr'><strong>ornandis</strong></span> <span class='ocrx_word' id='word_1_44' title='bbox 741 510 823 535; x_wconf 91' lang='lat' dir='ltr'><strong>non</strong></span> <span class='ocrx_word' id='word_1_45' title='bbox 862 504 904 535; x_wconf 87' lang='lat' dir='ltr'><strong>ut</strong></span> <span class='ocrx_word' id='word_1_46' title='bbox 942 510 1010 535; x_wconf 95' lang='lat' dir='ltr'><strong>eos</strong></span> <span class='ocrx_word' id='word_1_47' title='bbox 1052 497 1289 547; x_wconf 83' lang='lat' dir='ltr'><strong>impedirent</strong></span> <span class='ocrx_word' id='word_1_48' title='bbox 1327 498 1397 535; x_wconf 89' lang='lat' dir='ltr'><strong>sed</strong></span> <span class='ocrx_word' id='word_1_49' title='bbox 1442 505 1484 535; x_wconf 88' lang='lat' dir='ltr'><strong>ut</strong></span> <span class='ocrx_word' id='word_1_50' title='bbox 1522 498 1573 535; x_wconf 80' lang='lat' dir='ltr'><strong>ad</strong></span> <span class='ocrx_word' id='word_1_51' title='bbox 1595 506 1610 537; x_wconf 87' lang='grc'>5</span> 
     </span>
     <span class='ocr_line' id='line_1_7' title="bbox 241 561 1573 612; baseline 0.002 -14"><span class='ocrx_word' id='word_1_52' title='bbox 241 568 415 599; x_wconf 78' lang='lat' dir='ltr'><strong>nostram</strong></span> <span class='ocrx_word' id='word_1_53' title='bbox 453 575 612 599; x_wconf 87' lang='lat' dir='ltr'><strong>causam</strong></span> <span class='ocrx_word' id='word_1_54' title='bbox 650 561 933 612; x_wconf 77' lang='lat' dir='ltr'><strong>adiungerent3</strong></span> <span class='ocrx_word' id='word_1_55' title='bbox 976 576 1082 600; x_wconf 90' lang='lat' dir='ltr'><strong>nunc</strong></span> <span class='ocrx_word' id='word_1_56' title='bbox 1117 562 1148 600; x_wconf 86' lang='lat' dir='ltr'><strong>si</strong></span> <span class='ocrx_word' id='word_1_57' title='bbox 1187 563 1368 600; x_wconf 87' lang='lat' dir='ltr'><strong>consules</strong></span> <span class='ocrx_word' id='word_1_58' title='bbox 1402 575 1425 600; x_wconf 88' lang='lat' dir='ltr'><strong>a</strong></span> <span class='ocrx_word' id='word_1_59' title='bbox 1457 561 1573 600; x_wconf 85' lang='lat' dir='ltr'><strong>nobis</strong></span> 
     </span>
     <span class='ocr_line' id='line_1_8' title="bbox 240 625 1574 677; baseline 0.001 -14"><span class='ocrx_word' id='word_1_60' title='bbox 240 625 446 664; x_wconf 89' lang='lat' dir='ltr'><strong>alieniores</strong></span> <span class='ocrx_word' id='word_1_61' title='bbox 485 640 570 665; x_wconf 91' lang='lat' dir='ltr'><strong>esse</strong></span> <span class='ocrx_word' id='word_1_62' title='bbox 608 626 740 673; x_wconf 79' lang='lat' dir='ltr'><strong>velint,</strong></span> <span class='ocrx_word' id='word_1_63' title='bbox 782 640 898 677; x_wconf 87' lang='lat' dir='ltr'><strong>posse</strong></span> <span class='ocrx_word' id='word_1_64' title='bbox 937 627 977 665; x_wconf 89' lang='lat' dir='ltr'><strong>id</strong></span> <span class='ocrx_word' id='word_1_65' title='bbox 1016 627 1137 666; x_wconf 89' lang='lat' dir='ltr'><strong>libere</strong></span> <span class='ocrx_word' id='word_1_66' title='bbox 1168 629 1320 674; x_wconf 79' lang='lat' dir='ltr'><strong>facere3</strong></span> <span class='ocrx_word' id='word_1_67' title='bbox 1360 626 1418 665; x_wconf 88' lang='lat' dir='ltr'><strong>sin</strong></span> <span class='ocrx_word' id='word_1_68' title='bbox 1453 626 1574 664; x_wconf 88' lang='lat' dir='ltr'><strong>velint</strong></span> 
     </span>
     <span class='ocr_line' id='line_1_9' title="bbox 240 690 1575 742; baseline 0 -14"><span class='ocrx_word' id='word_1_69' title='bbox 240 698 373 729; x_wconf 78' lang='lat' dir='ltr'><strong>nostra</strong></span> <span class='ocrx_word' id='word_1_70' title='bbox 399 705 527 738; x_wconf 88' lang='lat' dir='ltr'><strong>causa,</strong></span> <span class='ocrx_word' id='word_1_71' title='bbox 554 691 650 729; x_wconf 84' lang='lat' dir='ltr'><strong>nihil</strong></span> <span class='ocrx_word' id='word_1_72' title='bbox 681 705 797 742; x_wconf 89' lang='lat' dir='ltr'><strong>posse</strong></span> <span class='ocrx_word' id='word_1_73' title='bbox 824 705 865 730; x_wconf 88' lang='lat' dir='ltr'><strong>se</strong></span> <span class='ocrx_word' id='word_1_74' title='bbox 895 691 1035 730; x_wconf 84' lang='lat' dir='ltr'><strong>invitis.</strong></span> <span class='ocrx_word' id='word_1_75' title='bbox 1096 693 1199 730; x_wconf 81' lang='lat' dir='ltr'><strong>Nam</strong></span> <span class='ocrx_word' id='word_1_76' title='bbox 1230 693 1339 742; x_wconf 86' lang='lat' dir='ltr'><strong>quod</strong></span> <span class='ocrx_word' id='word_1_77' title='bbox 1364 691 1514 739; x_wconf 79' lang='lat' dir='ltr'><strong>scribis,</strong></span> <span class='ocrx_word' id='word_1_78' title='bbox 1533 690 1575 729; x_wconf 88' lang='lat' dir='ltr'><strong>ni</strong></span> 
     </span>
     <span class='ocr_line' id='line_1_10' title="bbox 240 755 1574 811; baseline 0.001 -18"><span class='ocrx_word' id='word_1_79' title='bbox 240 755 294 793; x_wconf 88' lang='lat' dir='ltr'><strong>ita</strong></span> <span class='ocrx_word' id='word_1_80' title='bbox 314 755 426 794; x_wconf 89' lang='lat' dir='ltr'><strong>vobis</strong></span> <span class='ocrx_word' id='word_1_81' title='bbox 447 756 668 806; x_wconf 78' lang='lat' dir='ltr'><strong>placuisset,</strong></span> <span class='ocrx_word' id='word_1_82' title='bbox 687 756 774 795; x_wconf 89' lang='lat' dir='ltr'><strong>illos</strong></span> <span class='ocrx_word' id='word_1_83' title='bbox 795 758 872 795; x_wconf 93' lang='lat' dir='ltr'><strong>hoc</strong></span> <span class='ocrx_word' id='word_1_84' title='bbox 885 756 999 811; x_wconf 31' lang='lat' dir='ltr'><strong>&#39;idem</strong></span> <span class='ocrx_word' id='word_1_85' title='bbox 1020 771 1088 807; x_wconf 89' lang='lat' dir='ltr'><strong>per</strong></span> <span class='ocrx_word' id='word_1_86' title='bbox 1108 758 1299 807; x_wconf 86' lang='lat' dir='ltr'><strong>populum</strong></span> <span class='ocrx_word' id='word_1_87' title='bbox 1316 758 1574 795; x_wconf 85' lang='lat' dir='ltr'><strong>adsecuturos</strong></span> 
     </span>
     <span class='ocr_line' id='line_1_11' title="bbox 240 820 1635 871; baseline 0.001 -13"><span class='ocrx_word' id='word_1_88' title='bbox 240 820 369 867; x_wconf 82' lang='lat' dir='ltr'><strong>fuisse,</strong></span> <span class='ocrx_word' id='word_1_89' title='bbox 411 820 541 859; x_wconf 88' lang='lat' dir='ltr'><strong>invitis</strong></span> <span class='ocrx_word' id='word_1_90' title='bbox 580 821 745 859; x_wconf 90' lang='lat' dir='ltr'><strong>tribunis</strong></span> <span class='ocrx_word' id='word_1_91' title='bbox 785 823 835 871; x_wconf 91' lang='lat' dir='ltr'><strong>pl.</strong></span> <span class='ocrx_word' id='word_1_92' title='bbox 877 821 959 859; x_wconf 86' lang='lat' dir='ltr'><strong>fieri</strong></span> <span class='ocrx_word' id='word_1_93' title='bbox 997 823 1107 859; x_wconf 91' lang='lat' dir='ltr'><strong>nullo</strong></span> <span class='ocrx_word' id='word_1_94' title='bbox 1145 823 1267 859; x_wconf 94' lang='lat' dir='ltr'><strong>modo</strong></span> <span class='ocrx_word' id='word_1_95' title='bbox 1306 821 1442 871; x_wconf 90' lang='lat' dir='ltr'><strong>potuit.</strong></span> <span class='ocrx_word' id='word_1_96' title='bbox 1514 823 1575 860; x_wconf 88' lang='lat' dir='ltr'><strong>Ita</strong></span> <span class='ocrx_word' id='word_1_97' title='bbox 1598 834 1635 855; x_wconf 91' lang='lat'><strong>10</strong></span> 
     </span>
     <span class='ocr_line' id='line_1_12' title="bbox 240 886 1575 934; baseline 0.001 -10"><span class='ocrx_word' id='word_1_98' title='bbox 240 899 375 924; x_wconf 90' lang='lat' dir='ltr'><strong>vereor</strong></span> <span class='ocrx_word' id='word_1_99' title='bbox 408 900 458 924; x_wconf 90' lang='lat' dir='ltr'><strong>ne</strong></span> <span class='ocrx_word' id='word_1_100' title='bbox 496 894 534 925; x_wconf 94' lang='lat' dir='ltr'><strong>et</strong></span> <span class='ocrx_word' id='word_1_101' title='bbox 566 886 696 925; x_wconf 79' lang='lat' dir='ltr'><strong>studia</strong></span> <span class='ocrx_word' id='word_1_102' title='bbox 729 886 977 925; x_wconf 91' lang='lat' dir='ltr'><strong>tribunorum</strong></span> <span class='ocrx_word' id='word_1_103' title='bbox 1010 887 1256 925; x_wconf 86' lang='lat' dir='ltr'><strong>amiserimus</strong></span> <span class='ocrx_word' id='word_1_104' title='bbox 1295 894 1346 934; x_wconf 80' lang='lat' dir='ltr'><strong>et,</strong></span> <span class='ocrx_word' id='word_1_105' title='bbox 1380 887 1411 925; x_wconf 91' lang='lat' dir='ltr'><strong>si</strong></span> <span class='ocrx_word' id='word_1_106' title='bbox 1445 887 1575 926; x_wconf 84' lang='lat' dir='ltr'><strong>studia</strong></span> 
     </span>
     <span class='ocr_line' id='line_1_13' title="bbox 242 951 1576 1002; baseline 0.001 -14"><span class='ocrx_word' id='word_1_107' title='bbox 242 959 441 999; x_wconf 84' lang='lat' dir='ltr'><strong>maneant,</strong></span> <span class='ocrx_word' id='word_1_108' title='bbox 479 951 652 990; x_wconf 90' lang='lat' dir='ltr'><strong>vinclum</strong></span> <span class='ocrx_word' id='word_1_109' title='bbox 692 952 789 990; x_wconf 88' lang='lat' dir='ltr'><strong>illud</strong></span> <span class='ocrx_word' id='word_1_110' title='bbox 827 952 1171 1002; x_wconf 79' lang='lat' dir='ltr'><strong>adiungendorum</strong></span> <span class='ocrx_word' id='word_1_111' title='bbox 1211 953 1420 990; x_wconf 89' lang='lat' dir='ltr'><strong>consulum</strong></span> <span class='ocrx_word' id='word_1_112' title='bbox 1463 952 1576 990; x_wconf 82' lang='lat' dir='ltr'><strong>amis-</strong></span> 
     </span>
     <span class='ocr_line' id='line_1_14' title="bbox 244 1016 419 1055; baseline 0 -1"><span class='ocrx_word' id='word_1_113' title='bbox 244 1030 330 1055; x_wconf 90' lang='lat' dir='ltr'><strong>sum</strong></span> <span class='ocrx_word' id='word_1_114' title='bbox 361 1016 419 1055; x_wconf 89' lang='lat' dir='ltr'><strong>sit.</strong></span> 
     </span>
    </p>

    <p class='ocr_par' dir='ltr' id='par_1_3' title="bbox 201 1082 1636 2230">
     <span class='ocr_line' id='line_1_15' title="bbox 201 1082 1575 1133; baseline 0 -13"><span class='ocrx_word' id='word_1_115' title='bbox 201 1092 226 1119; x_wconf 89' lang='lat'>2</span> <span class='ocrx_word' id='word_1_116' title='bbox 299 1082 466 1121; x_wconf 84' lang='lat' dir='ltr'><strong>Accedit</strong></span> <span class='ocrx_word' id='word_1_117' title='bbox 485 1082 593 1121; x_wconf 88' lang='lat' dir='ltr'><strong>aliud</strong></span> <span class='ocrx_word' id='word_1_118' title='bbox 614 1097 695 1122; x_wconf 88' lang='lat' dir='ltr'><strong>non</strong></span> <span class='ocrx_word' id='word_1_119' title='bbox 720 1096 882 1133; x_wconf 83' lang='lat' dir='ltr'><strong>parvum</strong></span> <span class='ocrx_word' id='word_1_120' title='bbox 904 1082 1205 1121; x_wconf 88' lang='lat' dir='ltr'><strong>incommodum</strong></span> <span class='ocrx_word' id='word_1_121' title='bbox 1233 1084 1341 1133; x_wconf 85' lang='lat' dir='ltr'><strong>quod</strong></span> <span class='ocrx_word' id='word_1_122' title='bbox 1365 1082 1489 1132; x_wconf 78' lang='lat' dir='ltr'><strong>gravis</strong></span> <span class='ocrx_word' id='word_1_123' title='bbox 1510 1082 1575 1120; x_wconf 87' lang='lat' dir='ltr'><strong>illa</strong></span> 
     </span>
     <span class='ocr_line' id='line_1_16' title="bbox 244 1147 1633 1198; baseline 0.001 -13"><span class='ocrx_word' id='word_1_124' title='bbox 244 1147 393 1198; x_wconf 81' lang='lat' dir='ltr'><strong>opinio,</strong></span> <span class='ocrx_word' id='word_1_125' title='bbox 422 1155 464 1186; x_wconf 89' lang='lat' dir='ltr'><strong>ut</strong></span> <span class='ocrx_word' id='word_1_126' title='bbox 493 1148 655 1198; x_wconf 85' lang='lat' dir='ltr'><strong>quidem</strong></span> <span class='ocrx_word' id='word_1_127' title='bbox 685 1148 736 1186; x_wconf 85' lang='lat' dir='ltr'><strong>ad</strong></span> <span class='ocrx_word' id='word_1_128' title='bbox 766 1162 838 1187; x_wconf 88' lang='lat' dir='ltr'><strong>nos</strong></span> <span class='ocrx_word' id='word_1_129' title='bbox 868 1149 1147 1198; x_wconf 80' lang='lat' dir='ltr'><strong>perferebatur,</strong></span> <span class='ocrx_word' id='word_1_130' title='bbox 1174 1156 1354 1187; x_wconf 81' lang='lat' dir='ltr'><strong>senatum</strong></span> <span class='ocrx_word' id='word_1_131' title='bbox 1384 1148 1480 1186; x_wconf 89' lang='lat' dir='ltr'><strong>nihil</strong></span> <span class='ocrx_word' id='word_1_132' title='bbox 1510 1149 1575 1186; x_wconf 91' lang='lat' dir='ltr'><strong>de·</strong></span> <span class='ocrx_word' id='word_1_133' title='bbox 1600 1160 1633 1190; x_wconf 85' lang='lat'><strong>15</strong></span> 
     </span>
     <span class='ocr_line' id='line_1_17' title="bbox 243 1212 1576 1263; baseline 0.002 -13"><span class='ocrx_word' id='word_1_134' title='bbox 243 1226 400 1251; x_wconf 85' lang='lat' dir='ltr'><strong>cernere</strong></span> <span class='ocrx_word' id='word_1_135' title='bbox 426 1220 517 1252; x_wconf 84' lang='lat' dir='ltr'><strong>ante</strong></span> <span class='ocrx_word' id='word_1_136' title='bbox 547 1227 665 1263; x_wconf 84' lang='lat' dir='ltr'><strong>quam</strong></span> <span class='ocrx_word' id='word_1_137' title='bbox 693 1214 744 1251; x_wconf 91' lang='lat' dir='ltr'><strong>de</strong></span> <span class='ocrx_word' id='word_1_138' title='bbox 771 1212 886 1251; x_wconf 86' lang='lat' dir='ltr'><strong>nobis</strong></span> <span class='ocrx_word' id='word_1_139' title='bbox 912 1221 1045 1251; x_wconf 85' lang='lat' dir='ltr'><strong>actum</strong></span> <span class='ocrx_word' id='word_1_140' title='bbox 1073 1221 1184 1260; x_wconf 87' lang='lat' dir='ltr'><strong>esset,</strong></span> <span class='ocrx_word' id='word_1_141' title='bbox 1208 1213 1351 1251; x_wconf 86' lang='lat' dir='ltr'><strong>amissa</strong></span> <span class='ocrx_word' id='word_1_142' title='bbox 1378 1221 1448 1257; x_wconf 84' lang='lat' dir='ltr'><strong>est,</strong></span> <span class='ocrx_word' id='word_1_143' title='bbox 1469 1227 1576 1263; x_wconf 87' lang='lat' dir='ltr'><strong>prae-</strong></span> 
     </span>
     <span class='ocr_line' id='line_1_18' title="bbox 243 1278 1575 1328; baseline 0.001 -13"><span class='ocrx_word' id='word_1_144' title='bbox 243 1278 375 1316; x_wconf 87' lang='lat' dir='ltr'><strong>sertim</strong></span> <span class='ocrx_word' id='word_1_145' title='bbox 400 1278 440 1315; x_wconf 89' lang='lat' dir='ltr'><strong>in</strong></span> <span class='ocrx_word' id='word_1_146' title='bbox 464 1292 510 1316; x_wconf 82' lang='lat' dir='ltr'><strong>ea</strong></span> <span class='ocrx_word' id='word_1_147' title='bbox 536 1292 654 1316; x_wconf 82' lang='lat' dir='ltr'><strong>causa</strong></span> <span class='ocrx_word' id='word_1_148' title='bbox 678 1292 779 1328; x_wconf 82' lang='lat' dir='ltr'><strong>quae</strong></span> <span class='ocrx_word' id='word_1_149' title='bbox 803 1292 883 1316; x_wconf 87' lang='lat' dir='ltr'><strong>non</strong></span> <span class='ocrx_word' id='word_1_150' title='bbox 912 1279 1034 1316; x_wconf 90' lang='lat' dir='ltr'><strong>modo</strong></span> <span class='ocrx_word' id='word_1_151' title='bbox 1063 1278 1282 1317; x_wconf 86' lang='lat' dir='ltr'><strong>necessaria</strong></span> <span class='ocrx_word' id='word_1_152' title='bbox 1303 1292 1383 1317; x_wconf 89' lang='lat' dir='ltr'><strong>non</strong></span> <span class='ocrx_word' id='word_1_153' title='bbox 1413 1278 1483 1316; x_wconf 89' lang='lat' dir='ltr'><strong>fuit</strong></span> <span class='ocrx_word' id='word_1_154' title='bbox 1505 1279 1575 1316; x_wconf 89' lang='lat' dir='ltr'><strong>sed</strong></span> 
     </span>
     <span class='ocr_line' id='line_1_19' title="bbox 243 1342 1576 1393; baseline 0.001 -13"><span class='ocrx_word' id='word_1_155' title='bbox 243 1343 359 1381; x_wconf 83' lang='lat' dir='ltr'><strong>etiam</strong></span> <span class='ocrx_word' id='word_1_156' title='bbox 399 1343 584 1381; x_wconf 87' lang='lat' dir='ltr'><strong>inusitata</strong></span> <span class='ocrx_word' id='word_1_157' title='bbox 621 1357 667 1381; x_wconf 82' lang='lat' dir='ltr'><strong>ac</strong></span> <span class='ocrx_word' id='word_1_158' title='bbox 707 1356 809 1381; x_wconf 85' lang='lat' dir='ltr'><strong>nova</strong></span> <span class='ocrx_word' id='word_1_159' title='bbox 849 1342 995 1392; x_wconf 84' lang='lat' dir='ltr'><strong>(neque</strong></span> <span class='ocrx_word' id='word_1_160' title='bbox 1034 1343 1140 1381; x_wconf 87' lang='lat' dir='ltr'><strong>enim</strong></span> <span class='ocrx_word' id='word_1_161' title='bbox 1182 1357 1372 1393; x_wconf 86' lang='lat' dir='ltr'><strong>umquam</strong></span> <span class='ocrx_word' id='word_1_162' title='bbox 1412 1343 1576 1381; x_wconf 82' lang='lat' dir='ltr'><strong>arbitror</strong></span> 
     </span>
     <span class='ocr_line' id='line_1_20' title="bbox 243 1407 1576 1458; baseline 0.001 -13"><span class='ocrx_word' id='word_1_163' title='bbox 243 1416 398 1446; x_wconf 81' lang='lat' dir='ltr'><strong>ornatas</strong></span> <span class='ocrx_word' id='word_1_164' title='bbox 425 1421 510 1446; x_wconf 86' lang='lat' dir='ltr'><strong>esse</strong></span> <span class='ocrx_word' id='word_1_165' title='bbox 540 1407 760 1457; x_wconf 86' lang='lat' dir='ltr'><strong>provincias</strong></span> <span class='ocrx_word' id='word_1_166' title='bbox 790 1407 1114 1458; x_wconf 79' lang='lat' dir='ltr'><strong>designatorum),</strong></span> <span class='ocrx_word' id='word_1_167' title='bbox 1141 1415 1194 1455; x_wconf 88' lang='lat' dir='ltr'><strong>ut,</strong></span> <span class='ocrx_word' id='word_1_168' title='bbox 1221 1422 1311 1446; x_wconf 89' lang='lat' dir='ltr'><strong>cum</strong></span> <span class='ocrx_word' id='word_1_169' title='bbox 1341 1408 1380 1445; x_wconf 91' lang='lat' dir='ltr'><strong>in</strong></span> <span class='ocrx_word' id='word_1_170' title='bbox 1411 1409 1487 1446; x_wconf 90' lang='lat' dir='ltr'><strong>hoc</strong></span> <span class='ocrx_word' id='word_1_171' title='bbox 1512 1408 1576 1446; x_wconf 87' lang='lat' dir='ltr'><strong>illa</strong></span> 
     </span>
     <span class='ocr_line' id='line_1_21' title="bbox 243 1472 1633 1523; baseline -0.001 -12"><span class='ocrx_word' id='word_1_172' title='bbox 243 1474 464 1512; x_wconf 88' lang='lat' dir='ltr'><strong>constantia</strong></span> <span class='ocrx_word' id='word_1_173' title='bbox 503 1487 604 1523; x_wconf 80' lang='lat' dir='ltr'><strong>quae</strong></span> <span class='ocrx_word' id='word_1_174' title='bbox 643 1481 723 1511; x_wconf 81' lang='lat' dir='ltr'><strong>erat</strong></span> <span class='ocrx_word' id='word_1_175' title='bbox 763 1486 851 1511; x_wconf 87' lang='lat' dir='ltr'><strong>mea</strong></span> <span class='ocrx_word' id='word_1_176' title='bbox 889 1487 1007 1511; x_wconf 82' lang='lat' dir='ltr'><strong>causa</strong></span> <span class='ocrx_word' id='word_1_177' title='bbox 1046 1480 1229 1523; x_wconf 85' lang='lat' dir='ltr'><strong>suscepta</strong></span> <span class='ocrx_word' id='word_1_178' title='bbox 1267 1472 1475 1511; x_wconf 83' lang='lat' dir='ltr'><strong>imminuta</strong></span> <span class='ocrx_word' id='word_1_179' title='bbox 1513 1472 1573 1520; x_wconf 88' lang='lat' dir='ltr'><strong>sit,</strong></span> <span class='ocrx_word' id='word_1_180' title='bbox 1595 1487 1633 1509; x_wconf 92' lang='lat'><strong>20</strong></span> 
     </span>
     <span class='ocr_line' id='line_1_22' title="bbox 242 1538 1576 1588; baseline 0.001 -12"><span class='ocrx_word' id='word_1_181' title='bbox 242 1539 339 1576; x_wconf 84' lang='lat' dir='ltr'><strong>nihil</strong></span> <span class='ocrx_word' id='word_1_182' title='bbox 373 1539 450 1576; x_wconf 83' lang='lat' dir='ltr'><strong>iam</strong></span> <span class='ocrx_word' id='word_1_183' title='bbox 489 1538 612 1588; x_wconf 87' lang='lat' dir='ltr'><strong>possit</strong></span> <span class='ocrx_word' id='word_1_184' title='bbox 646 1552 727 1576; x_wconf 88' lang='lat' dir='ltr'><strong>non</strong></span> <span class='ocrx_word' id='word_1_185' title='bbox 767 1538 935 1576; x_wconf 89' lang='lat' dir='ltr'><strong>decerni.</strong></span> <span class='ocrx_word' id='word_1_186' title='bbox 997 1538 1050 1576; x_wconf 90' lang='lat' dir='ltr'><strong>Iis</strong></span> <span class='ocrx_word' id='word_1_187' title='bbox 1083 1540 1135 1576; x_wconf 90' lang='lat' dir='ltr'><strong>ad</strong></span> <span class='ocrx_word' id='word_1_188' title='bbox 1173 1552 1273 1588; x_wconf 87' lang='lat' dir='ltr'><strong>quos</strong></span> <span class='ocrx_word' id='word_1_189' title='bbox 1312 1540 1475 1577; x_wconf 84' lang='lat' dir='ltr'><strong>relatum</strong></span> <span class='ocrx_word' id='word_1_190' title='bbox 1518 1546 1576 1577; x_wconf 91' lang='lat' dir='ltr'><strong>est</strong></span> 
     </span>
     <span class='ocr_line' id='line_1_23' title="bbox 241 1602 1575 1653; baseline -0.001 -11"><span class='ocrx_word' id='word_1_191' title='bbox 241 1603 378 1642; x_wconf 90' lang='lat' dir='ltr'><strong>amicis</strong></span> <span class='ocrx_word' id='word_1_192' title='bbox 400 1602 592 1653; x_wconf 82' lang='lat' dir='ltr'><strong>placuisse</strong></span> <span class='ocrx_word' id='word_1_193' title='bbox 613 1616 693 1640; x_wconf 88' lang='lat' dir='ltr'><strong>non</strong></span> <span class='ocrx_word' id='word_1_194' title='bbox 716 1602 856 1640; x_wconf 87' lang='lat' dir='ltr'><strong>mirum</strong></span> <span class='ocrx_word' id='word_1_195' title='bbox 885 1610 967 1650; x_wconf 75' lang='lat' dir='ltr'><strong>est3</strong></span> <span class='ocrx_word' id='word_1_196' title='bbox 997 1610 1077 1640; x_wconf 90' lang='lat' dir='ltr'><strong>erat</strong></span> <span class='ocrx_word' id='word_1_197' title='bbox 1098 1602 1203 1640; x_wconf 87' lang='lat' dir='ltr'><strong>enim</strong></span> <span class='ocrx_word' id='word_1_198' title='bbox 1231 1603 1388 1641; x_wconf 86' lang='lat' dir='ltr'><strong>difficile</strong></span> <span class='ocrx_word' id='word_1_199' title='bbox 1409 1603 1575 1652; x_wconf 88' lang='lat' dir='ltr'><strong>reperire</strong></span> 
     </span>
     <span class='ocr_line' id='line_1_24' title="bbox 243 1669 1576 1720; baseline -0.001 -13"><span class='ocrx_word' id='word_1_200' title='bbox 243 1670 310 1720; x_wconf 84' lang='lat' dir='ltr'><strong>qui</strong></span> <span class='ocrx_word' id='word_1_201' title='bbox 344 1677 480 1707; x_wconf 84' lang='lat' dir='ltr'><strong>contra</strong></span> <span class='ocrx_word' id='word_1_202' title='bbox 514 1676 623 1706; x_wconf 80' lang='lat' dir='ltr'><strong>tanta</strong></span> <span class='ocrx_word' id='word_1_203' title='bbox 651 1669 865 1706; x_wconf 86' lang='lat' dir='ltr'><strong>commoda</strong></span> <span class='ocrx_word' id='word_1_204' title='bbox 894 1669 1063 1706; x_wconf 88' lang='lat' dir='ltr'><strong>duorum</strong></span> <span class='ocrx_word' id='word_1_205' title='bbox 1093 1670 1301 1706; x_wconf 91' lang='lat' dir='ltr'><strong>consulum</strong></span> <span class='ocrx_word' id='word_1_206' title='bbox 1331 1669 1460 1717; x_wconf 80' lang='lat' dir='ltr'><strong>palam</strong></span> <span class='ocrx_word' id='word_1_207' title='bbox 1492 1682 1576 1707; x_wconf 91' lang='lat' dir='ltr'><strong>sen-</strong></span> 
     </span>
     <span class='ocr_line' id='line_1_25' title="bbox 243 1732 1574 1783; baseline -0.002 -10"><span class='ocrx_word' id='word_1_208' title='bbox 243 1735 405 1774; x_wconf 83' lang='lat' dir='ltr'><strong>tentiam</strong></span> <span class='ocrx_word' id='word_1_209' title='bbox 445 1734 601 1772; x_wconf 81' lang='lat' dir='ltr'><strong>diceret.</strong></span> <span class='ocrx_word' id='word_1_210' title='bbox 663 1733 752 1771; x_wconf 91' lang='lat' dir='ltr'><strong>Fuit</strong></span> <span class='ocrx_word' id='word_1_211' title='bbox 791 1732 955 1771; x_wconf 84' lang='lat' dir='ltr'><strong>omnino</strong></span> <span class='ocrx_word' id='word_1_212' title='bbox 994 1732 1151 1770; x_wconf 84' lang='lat' dir='ltr'><strong>difficile</strong></span> <span class='ocrx_word' id='word_1_213' title='bbox 1190 1747 1270 1771; x_wconf 87' lang='lat' dir='ltr'><strong>non</strong></span> <span class='ocrx_word' id='word_1_214' title='bbox 1309 1733 1475 1783; x_wconf 83' lang='lat' dir='ltr'><strong>obsequi</strong></span> <span class='ocrx_word' id='word_1_215' title='bbox 1514 1735 1574 1772; x_wconf 83' lang='lat' dir='ltr'><strong>vel</strong></span> 
     </span>
     <span class='ocr_line' id='line_1_26' title="bbox 242 1797 1633 1848; baseline -0.001 -10"><span class='ocrx_word' id='word_1_216' title='bbox 242 1799 482 1838; x_wconf 87' lang='lat' dir='ltr'><strong>amicissimo</strong></span> <span class='ocrx_word' id='word_1_217' title='bbox 521 1797 672 1837; x_wconf 88' lang='lat' dir='ltr'><strong>homini</strong></span> <span class='ocrx_word' id='word_1_218' title='bbox 712 1799 883 1836; x_wconf 89' lang='lat' dir='ltr'><strong>Lentulo</strong></span> <span class='ocrx_word' id='word_1_219' title='bbox 921 1799 981 1836; x_wconf 87' lang='lat' dir='ltr'><strong>vel</strong></span> <span class='ocrx_word' id='word_1_220' title='bbox 1023 1799 1187 1835; x_wconf 88' lang='lat' dir='ltr'><strong>Metello</strong></span> <span class='ocrx_word' id='word_1_221' title='bbox 1226 1797 1293 1847; x_wconf 85' lang='lat' dir='ltr'><strong>qui</strong></span> <span class='ocrx_word' id='word_1_222' title='bbox 1333 1797 1572 1837; x_wconf 82' lang='lat' dir='ltr'><strong>simultatem</strong></span> <span class='ocrx_word' id='word_1_223' title='bbox 1597 1817 1633 1848; x_wconf 84' lang='lat'><strong>25</strong></span> 
     </span>
     <span class='ocr_line' id='line_1_27' title="bbox 243 1864 1574 1914; baseline 0 -11"><span class='ocrx_word' id='word_1_224' title='bbox 243 1864 526 1904; x_wconf 86' lang='lat' dir='ltr'><strong>humanissime</strong></span> <span class='ocrx_word' id='word_1_225' title='bbox 556 1865 796 1914; x_wconf 77' lang='lat' dir='ltr'><strong>deponeret3</strong></span> <span class='ocrx_word' id='word_1_226' title='bbox 831 1864 901 1901; x_wconf 90' lang='lat' dir='ltr'><strong>sed</strong></span> <span class='ocrx_word' id='word_1_227' title='bbox 931 1876 1066 1901; x_wconf 88' lang='lat' dir='ltr'><strong>vereor</strong></span> <span class='ocrx_word' id='word_1_228' title='bbox 1095 1876 1144 1901; x_wconf 87' lang='lat' dir='ltr'><strong>ne</strong></span> <span class='ocrx_word' id='word_1_229' title='bbox 1175 1864 1247 1900; x_wconf 89' lang='lat' dir='ltr'><strong>hos</strong></span> <span class='ocrx_word' id='word_1_230' title='bbox 1278 1871 1410 1902; x_wconf 87' lang='lat' dir='ltr'><strong>tamen</strong></span> <span class='ocrx_word' id='word_1_231' title='bbox 1442 1872 1574 1903; x_wconf 88' lang='lat' dir='ltr'><strong>tenere</strong></span> 
     </span>
     <span class='ocr_line' id='line_1_28' title="bbox 244 1927 1575 1981; baseline -0.001 -13"><span class='ocrx_word' id='word_1_232' title='bbox 244 1929 500 1981; x_wconf 81' lang='lat' dir='ltr'><strong>potuerimus,</strong></span> <span class='ocrx_word' id='word_1_233' title='bbox 530 1929 708 1967; x_wconf 87' lang='lat' dir='ltr'><strong>tribunos</strong></span> <span class='ocrx_word' id='word_1_234' title='bbox 738 1929 788 1978; x_wconf 87' lang='lat' dir='ltr'><strong>pl.</strong></span> <span class='ocrx_word' id='word_1_235' title='bbox 820 1927 1075 1966; x_wconf 80' lang='lat' dir='ltr'><strong>amiserimus.</strong></span> <span class='ocrx_word' id='word_1_236' title='bbox 1137 1929 1250 1965; x_wconf 84' lang='lat' dir='ltr'><strong>Haec</strong></span> <span class='ocrx_word' id='word_1_237' title='bbox 1285 1942 1344 1966; x_wconf 87' lang='lat' dir='ltr'><strong>res</strong></span> <span class='ocrx_word' id='word_1_238' title='bbox 1376 1942 1494 1977; x_wconf 83' lang='lat' dir='ltr'><strong>quem</strong></span> <span class='ocrx_word' id='word_1_239' title='bbox 1524 1930 1575 1967; x_wconf 78' lang='lat' dir='ltr'><strong>ad</strong></span> 
     </span>
     <span class='ocr_line' id='line_1_29' title="bbox 245 1993 1575 2042; baseline 0 -9"><span class='ocrx_word' id='word_1_240' title='bbox 245 1997 410 2034; x_wconf 87' lang='lat' dir='ltr'><strong>modum</strong></span> <span class='ocrx_word' id='word_1_241' title='bbox 441 1994 627 2033; x_wconf 87' lang='lat' dir='ltr'><strong>ceciderit</strong></span> <span class='ocrx_word' id='word_1_242' title='bbox 658 2001 696 2032; x_wconf 92' lang='lat' dir='ltr'><strong>et</strong></span> <span class='ocrx_word' id='word_1_243' title='bbox 735 2001 818 2031; x_wconf 81' lang='lat' dir='ltr'><strong>tota</strong></span> <span class='ocrx_word' id='word_1_244' title='bbox 853 2007 913 2032; x_wconf 90' lang='lat' dir='ltr'><strong>res</strong></span> <span class='ocrx_word' id='word_1_245' title='bbox 952 2006 1032 2042; x_wconf 83' lang='lat' dir='ltr'><strong>quo</strong></span> <span class='ocrx_word' id='word_1_246' title='bbox 1070 1994 1159 2031; x_wconf 85' lang='lat' dir='ltr'><strong>loco</strong></span> <span class='ocrx_word' id='word_1_247' title='bbox 1198 1993 1246 2030; x_wconf 84' lang='lat' dir='ltr'><strong>sit</strong></span> <span class='ocrx_word' id='word_1_248' title='bbox 1280 1993 1397 2031; x_wconf 80' lang='lat' dir='ltr'><strong>velim</strong></span> <span class='ocrx_word' id='word_1_249' title='bbox 1429 1995 1479 2032; x_wconf 81' lang='lat' dir='ltr'><strong>ad</strong></span> <span class='ocrx_word' id='word_1_250' title='bbox 1512 2008 1575 2034; x_wconf 83' lang='lat' dir='ltr'><strong>me</strong></span> 
     </span>
     <span class='ocr_line' id='line_1_30' title="bbox 245 2057 1575 2104; baseline -0.002 -6"><span class='ocrx_word' id='word_1_251' title='bbox 245 2060 391 2099; x_wconf 80' lang='lat' dir='ltr'><strong>scribas</strong></span> <span class='ocrx_word' id='word_1_252' title='bbox 430 2067 468 2097; x_wconf 87' lang='lat' dir='ltr'><strong>et</strong></span> <span class='ocrx_word' id='word_1_253' title='bbox 507 2059 559 2097; x_wconf 87' lang='lat' dir='ltr'><strong>ita</strong></span> <span class='ocrx_word' id='word_1_254' title='bbox 597 2066 639 2096; x_wconf 90' lang='lat' dir='ltr'><strong>ut</strong></span> <span class='ocrx_word' id='word_1_255' title='bbox 678 2057 889 2096; x_wconf 87' lang='lat' dir='ltr'><strong>instituisti.</strong></span> <span class='ocrx_word' id='word_1_256' title='bbox 950 2059 1054 2095; x_wconf 81' lang='lat' dir='ltr'><strong>Nam</strong></span> <span class='ocrx_word' id='word_1_257' title='bbox 1093 2057 1166 2095; x_wconf 82' lang='lat' dir='ltr'><strong>ista</strong></span> <span class='ocrx_word' id='word_1_258' title='bbox 1199 2057 1349 2104; x_wconf 79' lang='lat' dir='ltr'><strong>veritas,</strong></span> <span class='ocrx_word' id='word_1_259' title='bbox 1387 2058 1504 2096; x_wconf 83' lang='lat' dir='ltr'><strong>etiam</strong></span> <span class='ocrx_word' id='word_1_260' title='bbox 1543 2058 1575 2096; x_wconf 92' lang='lat' dir='ltr'><strong>si</strong></span> 
     </span>
     <span class='ocr_line' id='line_1_31' title="bbox 244 2123 1636 2173; baseline 0 -9"><span class='ocrx_word' id='word_1_261' title='bbox 244 2126 417 2164; x_wconf 85' lang='lat' dir='ltr'><strong>iucunda</strong></span> <span class='ocrx_word' id='word_1_262' title='bbox 456 2139 536 2163; x_wconf 88' lang='lat' dir='ltr'><strong>non</strong></span> <span class='ocrx_word' id='word_1_263' title='bbox 576 2132 647 2172; x_wconf 80' lang='lat' dir='ltr'><strong>est,</strong></span> <span class='ocrx_word' id='word_1_264' title='bbox 668 2123 764 2162; x_wconf 87' lang='lat' dir='ltr'><strong>mihi</strong></span> <span class='ocrx_word' id='word_1_265' title='bbox 803 2131 935 2162; x_wconf 86' lang='lat' dir='ltr'><strong>tamen</strong></span> <span class='ocrx_word' id='word_1_266' title='bbox 973 2130 1080 2173; x_wconf 85' lang='lat' dir='ltr'><strong>grata</strong></span> <span class='ocrx_word' id='word_1_267' title='bbox 1118 2130 1185 2161; x_wconf 87' lang='lat' dir='ltr'><strong>est.</strong></span> <span class='ocrx_word' id='word_1_268' title='bbox 1266 2124 1369 2161; x_wconf 86' lang='lat' dir='ltr'><strong>Data</strong></span> <span class='ocrx_word' id='word_1_269' title='bbox 1409 2136 1471 2161; x_wconf 93' lang='lat'>1111</span> <span class='ocrx_word' id='word_1_270' title='bbox 1512 2124 1571 2162; x_wconf 90' lang='lat' dir='ltr'><strong>Id.</strong></span> <span class='ocrx_word' id='word_1_271' title='bbox 1596 2141 1636 2172; x_wconf 83' lang='lat'><strong>30</strong></span> 
     </span>
     <span class='ocr_line' id='line_1_32' title="bbox 245 2192 456 2230; baseline -0.005 -1"><span class='ocrx_word' id='word_1_272' title='bbox 245 2192 456 2230; x_wconf 82' lang='lat' dir='ltr'><strong>Decembr.</strong></span> 
     </span>
    </p>
   </div>
   <div class='ocr_carea' id='block_1_3' title="bbox 245 2289 1574 2424">
    <p class='ocr_par' dir='ltr' id='par_1_4' title="bbox 245 2289 1574 2424">
     <span class='ocr_line' id='line_1_33' title="bbox 287 2289 1573 2331; baseline -0.002 -7"><span class='ocrx_word' id='word_1_273' title='bbox 287 2305 306 2324; x_wconf 70' lang='grc' dir='ltr'>ρ</span> <span class='ocrx_word' id='word_1_274' title='bbox 331 2295 361 2325; x_wconf 83' lang='lat' dir='ltr'><strong>ei</strong></span> <span class='ocrx_word' id='word_1_275' title='bbox 381 2295 498 2324; x_wconf 76' lang='lat' dir='ltr'><strong>Orelli:</strong></span> <span class='ocrx_word' id='word_1_276' title='bbox 518 2298 551 2324; x_wconf 84' lang='lat' dir='ltr'><strong>ct</strong></span> <span class='ocrx_word' id='word_1_277' title='bbox 562 2293 648 2324; x_wconf 76' lang='lat' dir='ltr'><strong>codd.</strong></span> <span class='ocrx_word' id='word_1_278' title='bbox 711 2297 826 2323; x_wconf 85' lang='lat' dir='ltr'><strong>vestra</strong></span> <span class='ocrx_word' id='word_1_279' title='bbox 839 2291 1024 2322; x_wconf 73' lang='lat' dir='ltr'><strong>Corradus:</strong></span> <span class='ocrx_word' id='word_1_280' title='bbox 1050 2295 1164 2322; x_wconf 85' lang='lat' dir='ltr'><strong>nostra</strong></span> <span class='ocrx_word' id='word_1_281' title='bbox 1177 2289 1302 2330; x_wconf 76' lang='lat' dir='ltr'><strong>Mfort.</strong></span> <span class='ocrx_word' id='word_1_282' title='bbox 1322 2295 1398 2321; x_wconf 74' lang='lat' dir='ltr'><strong>recte</strong></span> <span class='ocrx_word' id='word_1_283' title='bbox 1480 2302 1495 2331; x_wconf 92' lang='lat'>7</span> <span class='ocrx_word' id='word_1_284' title='bbox 1522 2292 1573 2322; x_wconf 87' lang='lat' dir='ltr'><strong>sin</strong></span> 
     </span>
     <span class='ocr_line' id='line_1_34' title="bbox 245 2335 1574 2376; baseline -0.003 -5"><span class='ocrx_word' id='word_1_285' title='bbox 245 2342 351 2371; x_wconf 83' lang='lat' dir='ltr'><strong>velint</strong></span> <span class='ocrx_word' id='word_1_286' title='bbox 365 2340 516 2370; x_wconf 80' lang='lat' dir='ltr'><strong>Ernesti:</strong></span> <span class='ocrx_word' id='word_1_287' title='bbox 541 2339 593 2369; x_wconf 83' lang='lat' dir='ltr'><strong>sin</strong></span> <span class='ocrx_word' id='word_1_288' title='bbox 607 2338 735 2369; x_wconf 84' lang='lat' dir='ltr'><strong>vellent</strong></span> <span class='ocrx_word' id='word_1_289' title='bbox 749 2337 790 2367; x_wconf 93' lang='lat' dir='ltr'><em>M</em></span> <span class='ocrx_word' id='word_1_290' title='bbox 875 2337 894 2367; x_wconf 91' lang='lat'>8</span> <span class='ocrx_word' id='word_1_291' title='bbox 919 2347 955 2367; x_wconf 87' lang='lat' dir='ltr'><strong>se</strong></span> <span class='ocrx_word' id='word_1_292' title='bbox 970 2335 1026 2367; x_wconf 90' lang='lat' dir='ltr'><strong>M:</strong></span> <span class='ocrx_word' id='word_1_293' title='bbox 1053 2337 1102 2366; x_wconf 82' lang='lat' dir='ltr'><strong>eis</strong></span> <span class='ocrx_word' id='word_1_294' title='bbox 1115 2336 1135 2365; x_wconf 94' lang='lat' dir='ltr'><em>I</em></span> <span class='ocrx_word' id='word_1_295' title='bbox 1222 2347 1264 2367; x_wconf 83' lang='lat'><strong>20</strong></span> <span class='ocrx_word' id='word_1_296' title='bbox 1280 2347 1367 2376; x_wconf 85' lang='lat' dir='ltr'><strong>quae</strong></span> <span class='ocrx_word' id='word_1_297' title='bbox 1380 2335 1574 2367; x_wconf 65' lang='lat' dir='ltr'><strong>MMuller:</strong></span> 
     </span>
     <span class='ocr_line' id='line_1_35' title="bbox 246 2380 1492 2424; baseline -0.004 -10"><span class='ocrx_word' id='word_1_298' title='bbox 246 2395 309 2423; x_wconf 75' lang='lat' dir='ltr'><strong>qua</strong></span> <span class='ocrx_word' id='word_1_299' title='bbox 328 2385 414 2424; x_wconf 74' lang='lat' dir='ltr'><strong>vulg.</strong></span> <span class='ocrx_word' id='word_1_300' title='bbox 517 2384 559 2412; x_wconf 86' lang='lat'><strong>26</strong></span> <span class='ocrx_word' id='word_1_301' title='bbox 583 2382 708 2423; x_wconf 82' lang='lat' dir='ltr'><strong>tamen]</strong></span> <span class='ocrx_word' id='word_1_302' title='bbox 728 2391 802 2412; x_wconf 87' lang='lat' dir='ltr'><strong>cum</strong></span> <span class='ocrx_word' id='word_1_303' title='bbox 820 2380 859 2411; x_wconf 91' lang='lat' dir='ltr'><strong>I:</strong></span> <span class='ocrx_word' id='word_1_304' title='bbox 884 2390 958 2411; x_wconf 88' lang='lat' dir='ltr'><strong>cum</strong></span> <span class='ocrx_word' id='word_1_305' title='bbox 978 2388 1087 2410; x_wconf 66' lang='lat' dir='ltr'><strong>tamen</strong></span> <span class='ocrx_word' id='word_1_306' title='bbox 1106 2380 1256 2411; x_wconf 79' lang='lat' dir='ltr'><strong>Ernesti:</strong></span> <span class='ocrx_word' id='word_1_307' title='bbox 1280 2380 1337 2412; x_wconf 84' lang='lat' dir='ltr'><strong>del.</strong></span> <span class='ocrx_word' id='word_1_308' title='bbox 1356 2380 1492 2410; x_wconf 72' lang='lat' dir='ltr'><strong>Starker</strong></span> 
     </span>
    </p>
   </div>
  </div>
 </body>
</html>
