<?xml version="1.0" encoding="UTF-8"?>
<!DOCTYPE html PUBLIC "-//W3C//DTD XHTML 1.0 Transitional//EN"
    "http://www.w3.org/TR/xhtml1/DTD/xhtml1-transitional.dtd">
<html xmlns="http://www.w3.org/1999/xhtml" xml:lang="en" lang="en">
 <head>
  <title>
</title>
<meta http-equiv="Content-Type" content="text/html;charset=utf-8" />
  <meta name='ocr-system' content='tesseract 3.04.00' />
  <meta name='ocr-capabilities' content='ocr_page ocr_carea ocr_par ocr_line ocrx_word'/>
</head>
<body>
  <div class='ocr_page' id='page_1' title='image "./epistulaerecogno0201ciceuoft_0212.png"; bbox 0 0 1817 2832; ppageno 0'>
   <div class='ocr_carea' id='block_1_1' title="bbox 226 119 1240 161">
    <p class='ocr_par' dir='ltr' id='par_1_1' title="bbox 226 119 1240 161">
     <span class='ocr_line' id='line_1_1' title="bbox 226 119 1240 161; baseline -0.003 0"><span class='ocrx_word' id='word_1_1' title='bbox 226 123 297 161; x_wconf 91' lang='lat' dir='ltr'>V1.</span> <span class='ocrx_word' id='word_1_2' title='bbox 315 121 361 160; x_wconf 86' lang='lat' dir='ltr'>iii</span> <span class='ocrx_word' id='word_1_3' title='bbox 643 122 699 159; x_wconf 88' lang='lat' dir='ltr'>M.</span> <span class='ocrx_word' id='word_1_4' title='bbox 732 120 901 159; x_wconf 93' lang='lat' dir='ltr'>TVLLI</span> <span class='ocrx_word' id='word_1_5' title='bbox 932 119 1240 160; x_wconf 87' lang='lat' dir='ltr'>CICERONIS</span> 
     </span>
    </p>
   </div>
   <div class='ocr_carea' id='block_1_2' title="bbox 280 230 1716 2295">
    <p class='ocr_par' dir='ltr' id='par_1_2' title="bbox 320 230 1688 542">
     <span class='ocr_line' id='line_1_2' title="bbox 320 230 1647 282; baseline -0.002 -10"><span class='ocrx_word' id='word_1_6' title='bbox 320 232 470 273; x_wconf 89' lang='lat' dir='ltr'>consili.</span> <span class='ocrx_word' id='word_1_7' title='bbox 532 231 642 281; x_wconf 88' lang='lat' dir='ltr'><strong>Quid</strong></span> <span class='ocrx_word' id='word_1_8' title='bbox 671 231 855 282; x_wconf 89' lang='lat' dir='ltr'>quaeris?</span> <span class='ocrx_word' id='word_1_9' title='bbox 892 238 977 270; x_wconf 90' lang='lat' dir='ltr'>toto</span> <span class='ocrx_word' id='word_1_10' title='bbox 1006 230 1166 281; x_wconf 86' lang='lat' dir='ltr'>negotio</span> <span class='ocrx_word' id='word_1_11' title='bbox 1189 230 1305 270; x_wconf 89' lang='lat' dir='ltr'>nobis</span> <span class='ocrx_word' id='word_1_12' title='bbox 1332 244 1431 282; x_wconf 95' lang='lat' dir='ltr'>opus</span> <span class='ocrx_word' id='word_1_13' title='bbox 1455 245 1536 271; x_wconf 89' lang='lat' dir='ltr'>non</span> <span class='ocrx_word' id='word_1_14' title='bbox 1566 231 1647 271; x_wconf 89' lang='lat' dir='ltr'>fuit.</span> 
     </span>
     <span class='ocr_line' id='line_1_3' title="bbox 322 295 1651 347; baseline -0.002 -11"><span class='ocrx_word' id='word_1_15' title='bbox 322 300 484 347; x_wconf 86' lang='lat' dir='ltr'>Quanto</span> <span class='ocrx_word' id='word_1_16' title='bbox 518 304 586 336; x_wconf 88' lang='lat' dir='ltr'>tua</span> <span class='ocrx_word' id='word_1_17' title='bbox 619 295 822 347; x_wconf 89' lang='lat' dir='ltr'>provincia</span> <span class='ocrx_word' id='word_1_18' title='bbox 853 295 1014 334; x_wconf 84' lang='lat' dir='ltr'>melior!</span> <span class='ocrx_word' id='word_1_19' title='bbox 1085 296 1268 334; x_wconf 90' lang='lat' dir='ltr'>Decedes</span> <span class='ocrx_word' id='word_1_20' title='bbox 1299 309 1390 335; x_wconf 90' lang='lat' dir='ltr'>cum</span> <span class='ocrx_word' id='word_1_21' title='bbox 1424 298 1543 344; x_wconf 89' lang='lat' dir='ltr'>voles,</span> <span class='ocrx_word' id='word_1_22' title='bbox 1577 296 1651 334; x_wconf 86' lang='lat' dir='ltr'>nisi</span> 
     </span>
     <span class='ocr_line' id='line_1_4' title="bbox 322 359 1652 411; baseline -0.002 -10"><span class='ocrx_word' id='word_1_23' title='bbox 322 365 420 402; x_wconf 88' lang='lat' dir='ltr'>forte</span> <span class='ocrx_word' id='word_1_24' title='bbox 441 362 518 400; x_wconf 89' lang='lat' dir='ltr'>iarn</span> <span class='ocrx_word' id='word_1_25' title='bbox 546 360 775 408; x_wconf 87' lang='lat' dir='ltr'>decessisti;</span> <span class='ocrx_word' id='word_1_26' title='bbox 805 374 924 410; x_wconf 90' lang='lat' dir='ltr'>quem</span> <span class='ocrx_word' id='word_1_27' title='bbox 948 359 1145 399; x_wconf 90' lang='lat' dir='ltr'>videbitur</span> <span class='ocrx_word' id='word_1_28' title='bbox 1171 360 1372 410; x_wconf 86' lang='lat' dir='ltr'>praeficies</span> <span class='ocrx_word' id='word_1_29' title='bbox 1392 361 1652 411; x_wconf 77' lang='lat' dir='ltr'>Thesprotiae</span> 
     </span>
     <span class='ocr_line' id='line_1_5' title="bbox 322 425 1653 476; baseline -0.002 -9"><span class='ocrx_word' id='word_1_30' title='bbox 322 435 360 467; x_wconf 90' lang='lat' dir='ltr'>et</span> <span class='ocrx_word' id='word_1_31' title='bbox 391 426 605 467; x_wconf 80' lang='lat' dir='ltr'>Chaoniae.</span> <span class='ocrx_word' id='word_1_32' title='bbox 666 427 852 464; x_wconf 88' lang='lat' dir='ltr'>Necdum</span> <span class='ocrx_word' id='word_1_33' title='bbox 883 434 1016 464; x_wconf 91' lang='lat' dir='ltr'>tamen</span> <span class='ocrx_word' id='word_1_34' title='bbox 1048 438 1121 476; x_wconf 89' lang='lat' dir='ltr'>ego</span> <span class='ocrx_word' id='word_1_35' title='bbox 1151 425 1347 474; x_wconf 85' lang='lat' dir='ltr'>Quintum</span> <span class='ocrx_word' id='word_1_36' title='bbox 1378 438 1653 473; x_wconf 87' lang='lat' dir='ltr'>conveneram,</span> 
     </span>
     <span class='ocr_line' id='line_1_6' title="bbox 323 489 1688 542; baseline -0.003 -11"><span class='ocrx_word' id='word_1_37' title='bbox 323 500 366 532; x_wconf 90' lang='lat' dir='ltr'>ut</span> <span class='ocrx_word' id='word_1_38' title='bbox 387 492 475 539; x_wconf 87' lang='lat' dir='ltr'>iam,</span> <span class='ocrx_word' id='word_1_39' title='bbox 499 491 529 530; x_wconf 91' lang='lat' dir='ltr'>si</span> <span class='ocrx_word' id='word_1_40' title='bbox 551 492 591 530; x_wconf 93' lang='lat' dir='ltr'>id</span> <span class='ocrx_word' id='word_1_41' title='bbox 612 493 794 542; x_wconf 85' lang='lat' dir='ltr'>placeret,</span> <span class='ocrx_word' id='word_1_42' title='bbox 817 490 956 529; x_wconf 90' lang='lat' dir='ltr'>scirem</span> <span class='ocrx_word' id='word_1_43' title='bbox 977 497 1163 540; x_wconf 84' lang='lat' dir='ltr'>possetne</span> <span class='ocrx_word' id='word_1_44' title='bbox 1182 490 1234 528; x_wconf 90' lang='lat' dir='ltr'>ab</span> <span class='ocrx_word' id='word_1_45' title='bbox 1261 503 1309 528; x_wconf 95' lang='lat' dir='ltr'>eo</span> <span class='ocrx_word' id='word_1_46' title='bbox 1330 489 1549 539; x_wconf 68' lang='lat' dir='ltr'>impetrari,</span> <span class='ocrx_word' id='word_1_47' title='bbox 1578 503 1652 528; x_wconf 89' lang='lat' dir='ltr'>nec</span> <span class='ocrx_word' id='word_1_48' title='bbox 1672 503 1688 535; x_wconf 88' lang='lat'>5</span> 
     </span>
    </p>

    <p class='ocr_par' dir='ltr' id='par_1_3' title="bbox 280 554 1654 661">
     <span class='ocr_line' id='line_1_7' title="bbox 280 554 1654 607; baseline -0.002 -12"><span class='ocrx_word' id='word_1_49' title='bbox 280 565 468 605; x_wconf 87' lang='lat' dir='ltr'>3tamen‚</span> <span class='ocrx_word' id='word_1_50' title='bbox 506 556 537 595; x_wconf 92' lang='lat' dir='ltr'>si</span> <span class='ocrx_word' id='word_1_51' title='bbox 570 564 715 607; x_wconf 86' lang='lat' dir='ltr'>posset,</span> <span class='ocrx_word' id='word_1_52' title='bbox 748 555 845 606; x_wconf 89' lang='lat' dir='ltr'>quid</span> <span class='ocrx_word' id='word_1_53' title='bbox 875 557 1017 594; x_wconf 89' lang='lat' dir='ltr'>vellem</span> <span class='ocrx_word' id='word_1_54' title='bbox 1051 555 1259 594; x_wconf 82' lang='lat' dir='ltr'>habebam.</span> <span class='ocrx_word' id='word_1_55' title='bbox 1320 556 1414 593; x_wconf 91' lang='lat' dir='ltr'>Hoc</span> <span class='ocrx_word' id='word_1_56' title='bbox 1447 562 1506 593; x_wconf 90' lang='lat' dir='ltr'>est</span> <span class='ocrx_word' id='word_1_57' title='bbox 1540 554 1654 605; x_wconf 86' lang='lat' dir='ltr'>igitur</span> 
     </span>
     <span class='ocr_line' id='line_1_8' title="bbox 323 621 556 661; baseline -0.004 0"><span class='ocrx_word' id='word_1_58' title='bbox 323 622 406 661; x_wconf 89' lang='lat' dir='ltr'>eius</span> <span class='ocrx_word' id='word_1_59' title='bbox 437 621 556 661; x_wconf 91' lang='lat' dir='ltr'>modi.</span> 
     </span>
    </p>

    <p class='ocr_par' dir='ltr' id='par_1_4' title="bbox 322 684 1715 1126">
     <span class='ocr_line' id='line_1_9' title="bbox 378 684 1653 736; baseline -0.002 -11"><span class='ocrx_word' id='word_1_60' title='bbox 378 686 548 736; x_wconf 86' lang='lat' dir='ltr'>Reliqua</span> <span class='ocrx_word' id='word_1_61' title='bbox 574 687 691 736; x_wconf 87' lang='lat' dir='ltr'>plena</span> <span class='ocrx_word' id='word_1_62' title='bbox 717 687 849 725; x_wconf 92' lang='lat' dir='ltr'>adhuc</span> <span class='ocrx_word' id='word_1_63' title='bbox 877 693 914 724; x_wconf 94' lang='lat' dir='ltr'>et</span> <span class='ocrx_word' id='word_1_64' title='bbox 938 685 1065 724; x_wconf 89' lang='lat' dir='ltr'>laudis</span> <span class='ocrx_word' id='word_1_65' title='bbox 1090 693 1128 724; x_wconf 92' lang='lat' dir='ltr'>et</span> <span class='ocrx_word' id='word_1_66' title='bbox 1152 684 1307 736; x_wconf 85' lang='lat' dir='ltr'>gratiae,</span> <span class='ocrx_word' id='word_1_67' title='bbox 1331 684 1449 736; x_wconf 84' lang='lat' dir='ltr'>digna</span> <span class='ocrx_word' id='word_1_68' title='bbox 1475 684 1519 723; x_wconf 92' lang='lat' dir='ltr'>iis</span> <span class='ocrx_word' id='word_1_69' title='bbox 1546 684 1653 723; x_wconf 92' lang='lat' dir='ltr'>libris</span> 
     </span>
     <span class='ocr_line' id='line_1_10' title="bbox 322 749 1653 802; baseline -0.002 -12"><span class='ocrx_word' id='word_1_70' title='bbox 322 764 421 802; x_wconf 89' lang='lat' dir='ltr'>quos</span> <span class='ocrx_word' id='word_1_71' title='bbox 456 751 647 798; x_wconf 78' lang='lat' dir='ltr'>dilaudas,</span> <span class='ocrx_word' id='word_1_72' title='bbox 682 759 935 789; x_wconf 82' lang='lat' dir='ltr'>conservatae</span> <span class='ocrx_word' id='word_1_73' title='bbox 973 750 1162 798; x_wconf 87' lang='lat' dir='ltr'>civitates,</span> <span class='ocrx_word' id='word_1_74' title='bbox 1196 752 1394 789; x_wconf 90' lang='lat' dir='ltr'>cumulate</span> <span class='ocrx_word' id='word_1_75' title='bbox 1432 749 1653 800; x_wconf 82' lang='lat' dir='ltr'>publicanis</span> 
     </span>
     <span class='ocr_line' id='line_1_11' title="bbox 322 814 1715 863; baseline -0.002 -9"><span class='ocrx_word' id='word_1_76' title='bbox 322 815 414 854; x_wconf 88' lang='lat' dir='ltr'>satis</span> <span class='ocrx_word' id='word_1_77' title='bbox 448 816 607 863; x_wconf 87' lang='lat' dir='ltr'>factum,</span> <span class='ocrx_word' id='word_1_78' title='bbox 645 816 817 854; x_wconf 86' lang='lat' dir='ltr'>offensus</span> <span class='ocrx_word' id='word_1_79' title='bbox 852 815 1092 854; x_wconf 89' lang='lat' dir='ltr'>contumelia</span> <span class='ocrx_word' id='word_1_80' title='bbox 1127 829 1256 862; x_wconf 88' lang='lat' dir='ltr'>nemo,</span> <span class='ocrx_word' id='word_1_81' title='bbox 1289 816 1448 853; x_wconf 87' lang='lat' dir='ltr'>decreto</span> <span class='ocrx_word' id='word_1_82' title='bbox 1482 814 1585 852; x_wconf 89' lang='lat' dir='ltr'>iusto</span> <span class='ocrx_word' id='word_1_83' title='bbox 1615 821 1653 852; x_wconf 93' lang='lat' dir='ltr'>et</span> <span class='ocrx_word' id='word_1_84' title='bbox 1677 828 1715 850; x_wconf 83' lang='lat'>10</span> 
     </span>
     <span class='ocr_line' id='line_1_12' title="bbox 322 879 1654 931; baseline -0.002 -12"><span class='ocrx_word' id='word_1_85' title='bbox 322 893 458 919; x_wconf 86' lang='lat' dir='ltr'>severo</span> <span class='ocrx_word' id='word_1_86' title='bbox 487 880 674 931; x_wconf 85' lang='lat' dir='ltr'>perpauci</span> <span class='ocrx_word' id='word_1_87' title='bbox 703 894 777 918; x_wconf 91' lang='lat' dir='ltr'>nec</span> <span class='ocrx_word' id='word_1_88' title='bbox 807 888 940 918; x_wconf 88' lang='lat' dir='ltr'>tamen</span> <span class='ocrx_word' id='word_1_89' title='bbox 970 881 1179 931; x_wconf 89' lang='lat' dir='ltr'>quisquam</span> <span class='ocrx_word' id='word_1_90' title='bbox 1208 888 1250 918; x_wconf 87' lang='lat' dir='ltr'>ut</span> <span class='ocrx_word' id='word_1_91' title='bbox 1280 879 1390 930; x_wconf 90' lang='lat' dir='ltr'>queri</span> <span class='ocrx_word' id='word_1_92' title='bbox 1416 880 1569 927; x_wconf 82' lang='lat' dir='ltr'>audeat,</span> <span class='ocrx_word' id='word_1_93' title='bbox 1594 893 1654 918; x_wconf 89' lang='lat' dir='ltr'>res</span> 
     </span>
     <span class='ocr_line' id='line_1_13' title="bbox 322 945 1652 996; baseline -0.001 -13"><span class='ocrx_word' id='word_1_94' title='bbox 322 953 454 996; x_wconf 84' lang='lat' dir='ltr'>gestae</span> <span class='ocrx_word' id='word_1_95' title='bbox 474 945 616 995; x_wconf 83' lang='lat' dir='ltr'>dignae</span> <span class='ocrx_word' id='word_1_96' title='bbox 643 945 868 996; x_wconf 77' lang='lat' dir='ltr'>triumpho3</span> <span class='ocrx_word' id='word_1_97' title='bbox 898 946 948 984; x_wconf 90' lang='lat' dir='ltr'>de</span> <span class='ocrx_word' id='word_1_98' title='bbox 969 959 1048 995; x_wconf 96' lang='lat' dir='ltr'>quo</span> <span class='ocrx_word' id='word_1_99' title='bbox 1075 945 1162 995; x_wconf 89' lang='lat' dir='ltr'>ipso</span> <span class='ocrx_word' id='word_1_100' title='bbox 1187 945 1283 983; x_wconf 90' lang='lat' dir='ltr'>nihil</span> <span class='ocrx_word' id='word_1_101' title='bbox 1311 945 1454 995; x_wconf 91' lang='lat' dir='ltr'>cupide</span> <span class='ocrx_word' id='word_1_102' title='bbox 1480 957 1652 995; x_wconf 82' lang='lat' dir='ltr'>agemus,</span> 
     </span>
     <span class='ocr_line' id='line_1_14' title="bbox 324 1009 1654 1061; baseline -0.001 -13"><span class='ocrx_word' id='word_1_103' title='bbox 324 1010 407 1049; x_wconf 88' lang='lat' dir='ltr'>sine</span> <span class='ocrx_word' id='word_1_104' title='bbox 428 1019 496 1050; x_wconf 91' lang='lat' dir='ltr'>tuo</span> <span class='ocrx_word' id='word_1_105' title='bbox 517 1011 678 1061; x_wconf 87' lang='lat' dir='ltr'>quidem</span> <span class='ocrx_word' id='word_1_106' title='bbox 707 1011 872 1049; x_wconf 90' lang='lat' dir='ltr'>consilio</span> <span class='ocrx_word' id='word_1_107' title='bbox 892 1019 996 1049; x_wconf 88' lang='lat' dir='ltr'>certe</span> <span class='ocrx_word' id='word_1_108' title='bbox 1023 1010 1130 1049; x_wconf 89' lang='lat' dir='ltr'>nihil.</span> <span class='ocrx_word' id='word_1_109' title='bbox 1191 1012 1379 1051; x_wconf 88' lang='lat' dir='ltr'>Clausula</span> <span class='ocrx_word' id='word_1_110' title='bbox 1402 1018 1460 1049; x_wconf 92' lang='lat' dir='ltr'>est</span> <span class='ocrx_word' id='word_1_111' title='bbox 1487 1009 1654 1048; x_wconf 87' lang='lat' dir='ltr'>difficilis</span> 
     </span>
     <span class='ocr_line' id='line_1_15' title="bbox 324 1074 1605 1126; baseline -0.001 -13"><span class='ocrx_word' id='word_1_112' title='bbox 324 1074 364 1113; x_wconf 91' lang='lat' dir='ltr'>in</span> <span class='ocrx_word' id='word_1_113' title='bbox 385 1076 575 1114; x_wconf 89' lang='lat' dir='ltr'>tradenda</span> <span class='ocrx_word' id='word_1_114' title='bbox 595 1075 806 1126; x_wconf 90' lang='lat' dir='ltr'>provincia.</span> <span class='ocrx_word' id='word_1_115' title='bbox 866 1077 944 1115; x_wconf 87' lang='lat' dir='ltr'>Sed</span> <span class='ocrx_word' id='word_1_116' title='bbox 965 1077 1062 1115; x_wconf 89' lang='lat' dir='ltr'>haec</span> <span class='ocrx_word' id='word_1_117' title='bbox 1082 1077 1180 1115; x_wconf 91' lang='lat' dir='ltr'>deus</span> <span class='ocrx_word' id='word_1_118' title='bbox 1200 1075 1340 1126; x_wconf 90' lang='lat' dir='ltr'>aliquis</span> <span class='ocrx_word' id='word_1_119' title='bbox 1361 1074 1605 1125; x_wconf 83' lang='lat' dir='ltr'>gubernabit.</span> 
     </span>
    </p>

    <p class='ocr_par' dir='ltr' id='par_1_5' title="bbox 281 1139 1716 1775">
     <span class='ocr_line' id='line_1_16' title="bbox 281 1139 1712 1191; baseline -0.001 -13"><span class='ocrx_word' id='word_1_120' title='bbox 281 1150 307 1186; x_wconf 92' lang='lat'>4</span> <span class='ocrx_word' id='word_1_121' title='bbox 381 1142 442 1179; x_wconf 91' lang='lat' dir='ltr'>De</span> <span class='ocrx_word' id='word_1_122' title='bbox 462 1140 621 1179; x_wconf 89' lang='lat' dir='ltr'>urbanis</span> <span class='ocrx_word' id='word_1_123' title='bbox 638 1141 753 1178; x_wconf 91' lang='lat' dir='ltr'>rebus</span> <span class='ocrx_word' id='word_1_124' title='bbox 775 1140 922 1178; x_wconf 90' lang='lat' dir='ltr'>scilicet</span> <span class='ocrx_word' id='word_1_125' title='bbox 942 1142 1052 1190; x_wconf 90' lang='lat' dir='ltr'>plura</span> <span class='ocrx_word' id='word_1_126' title='bbox 1068 1148 1109 1179; x_wconf 91' lang='lat' dir='ltr'>tu</span> <span class='ocrx_word' id='word_1_127' title='bbox 1131 1140 1230 1189; x_wconf 83' lang='lat' dir='ltr'>scis;</span> <span class='ocrx_word' id='word_1_128' title='bbox 1260 1139 1414 1191; x_wconf 86' lang='lat' dir='ltr'>saepius</span> <span class='ocrx_word' id='word_1_129' title='bbox 1431 1147 1469 1178; x_wconf 88' lang='lat' dir='ltr'>et</span> <span class='ocrx_word' id='word_1_130' title='bbox 1489 1139 1653 1178; x_wconf 90' lang='lat' dir='ltr'>certiora</span> <span class='ocrx_word' id='word_1_131' title='bbox 1675 1153 1712 1186; x_wconf 83' lang='lat'>15</span> 
     </span>
     <span class='ocr_line' id='line_1_17' title="bbox 323 1204 1651 1255; baseline -0.001 -12"><span class='ocrx_word' id='word_1_132' title='bbox 323 1204 436 1244; x_wconf 84' lang='lat' dir='ltr'>audis</span> <span class='ocrx_word' id='word_1_133' title='bbox 451 1219 461 1253; x_wconf 79' lang='lat'>,-</span> <span class='ocrx_word' id='word_1_134' title='bbox 490 1205 675 1255; x_wconf 84' lang='lat' dir='ltr'>equidem</span> <span class='ocrx_word' id='word_1_135' title='bbox 707 1206 824 1244; x_wconf 91' lang='lat' dir='ltr'>doleo</span> <span class='ocrx_word' id='word_1_136' title='bbox 854 1219 935 1243; x_wconf 90' lang='lat' dir='ltr'>non</span> <span class='ocrx_word' id='word_1_137' title='bbox 966 1219 1028 1244; x_wconf 89' lang='lat' dir='ltr'>me</span> <span class='ocrx_word' id='word_1_138' title='bbox 1058 1205 1134 1244; x_wconf 88' lang='lat' dir='ltr'>tuis</span> <span class='ocrx_word' id='word_1_139' title='bbox 1164 1205 1299 1244; x_wconf 90' lang='lat' dir='ltr'>litteris</span> <span class='ocrx_word' id='word_1_140' title='bbox 1325 1205 1530 1244; x_wconf 90' lang='lat' dir='ltr'>certiorem</span> <span class='ocrx_word' id='word_1_141' title='bbox 1558 1204 1651 1243; x_wconf 87' lang='lat' dir='ltr'>fieri.</span> 
     </span>
     <span class='ocr_line' id='line_1_18' title="bbox 325 1269 1656 1318; baseline 0.001 -11"><span class='ocrx_word' id='word_1_142' title='bbox 325 1271 419 1308; x_wconf 89' lang='lat' dir='ltr'>Huc</span> <span class='ocrx_word' id='word_1_143' title='bbox 447 1269 552 1308; x_wconf 87' lang='lat' dir='ltr'>enim</span> <span class='ocrx_word' id='word_1_144' title='bbox 574 1270 713 1308; x_wconf 89' lang='lat' dir='ltr'>odiosa</span> <span class='ocrx_word' id='word_1_145' title='bbox 739 1271 1016 1308; x_wconf 87' lang='lat' dir='ltr'>adferebantur</span> <span class='ocrx_word' id='word_1_146' title='bbox 1043 1272 1093 1309; x_wconf 90' lang='lat' dir='ltr'>de</span> <span class='ocrx_word' id='word_1_147' title='bbox 1114 1270 1298 1317; x_wconf 83' lang='lat' dir='ltr'>Curione,</span> <span class='ocrx_word' id='word_1_148' title='bbox 1322 1272 1372 1309; x_wconf 94' lang='lat' dir='ltr'>de</span> <span class='ocrx_word' id='word_1_149' title='bbox 1394 1271 1543 1318; x_wconf 82' lang='lat' dir='ltr'>Paulo3</span> <span class='ocrx_word' id='word_1_150' title='bbox 1574 1284 1656 1308; x_wconf 85' lang='lat' dir='ltr'>non</span> 
     </span>
     <span class='ocr_line' id='line_1_19' title="bbox 323 1334 1655 1386; baseline 0 -14"><span class='ocrx_word' id='word_1_151' title='bbox 323 1348 403 1384; x_wconf 92' lang='lat' dir='ltr'>quo</span> <span class='ocrx_word' id='word_1_152' title='bbox 441 1336 565 1372; x_wconf 90' lang='lat' dir='ltr'>ullum</span> <span class='ocrx_word' id='word_1_153' title='bbox 605 1334 823 1385; x_wconf 90' lang='lat' dir='ltr'>periculum</span> <span class='ocrx_word' id='word_1_154' title='bbox 861 1334 1017 1373; x_wconf 86' lang='lat' dir='ltr'>videam</span> <span class='ocrx_word' id='word_1_155' title='bbox 1052 1343 1179 1374; x_wconf 89' lang='lat' dir='ltr'>stante</span> <span class='ocrx_word' id='word_1_156' title='bbox 1212 1335 1405 1386; x_wconf 87' lang='lat' dir='ltr'>Pompeio</span> <span class='ocrx_word' id='word_1_157' title='bbox 1438 1336 1499 1374; x_wconf 88' lang='lat' dir='ltr'>vel</span> <span class='ocrx_word' id='word_1_158' title='bbox 1537 1334 1655 1373; x_wconf 89' lang='lat' dir='ltr'>etiam</span> 
     </span>
     <span class='ocr_line' id='line_1_20' title="bbox 323 1399 1655 1447; baseline 0 -10"><span class='ocrx_word' id='word_1_159' title='bbox 323 1401 499 1447; x_wconf 78' lang='lat' dir='ltr'>sedente,</span> <span class='ocrx_word' id='word_1_160' title='bbox 529 1401 655 1438; x_wconf 89' lang='lat' dir='ltr'>valeat</span> <span class='ocrx_word' id='word_1_161' title='bbox 690 1401 812 1438; x_wconf 88' lang='lat' dir='ltr'>modo</span> <span class='ocrx_word' id='word_1_162' title='bbox 827 1414 837 1447; x_wconf 81' lang='lat'><em>3</em></span> <span class='ocrx_word' id='word_1_163' title='bbox 880 1401 950 1438; x_wconf 90' lang='lat' dir='ltr'>sed</span> <span class='ocrx_word' id='word_1_164' title='bbox 982 1414 1044 1438; x_wconf 89' lang='lat' dir='ltr'>me</span> <span class='ocrx_word' id='word_1_165' title='bbox 1073 1401 1233 1439; x_wconf 88' lang='lat' dir='ltr'>hercule</span> <span class='ocrx_word' id='word_1_166' title='bbox 1263 1400 1446 1440; x_wconf 90' lang='lat' dir='ltr'>Curionis</span> <span class='ocrx_word' id='word_1_167' title='bbox 1476 1407 1514 1438; x_wconf 93' lang='lat' dir='ltr'>et</span> <span class='ocrx_word' id='word_1_168' title='bbox 1545 1399 1655 1438; x_wconf 89' lang='lat' dir='ltr'>Pauli</span> 
     </span>
     <span class='ocr_line' id='line_1_21' title="bbox 324 1464 1716 1515; baseline -0.001 -13"><span class='ocrx_word' id='word_1_169' title='bbox 324 1478 502 1503; x_wconf 86' lang='lat' dir='ltr'>meorum</span> <span class='ocrx_word' id='word_1_170' title='bbox 541 1464 790 1503; x_wconf 86' lang='lat' dir='ltr'>familiarium</span> <span class='ocrx_word' id='word_1_171' title='bbox 829 1464 954 1503; x_wconf 88' lang='lat' dir='ltr'>vicem</span> <span class='ocrx_word' id='word_1_172' title='bbox 987 1467 1115 1504; x_wconf 92' lang='lat' dir='ltr'>doleo.</span> <span class='ocrx_word' id='word_1_173' title='bbox 1191 1468 1375 1504; x_wconf 88' lang='lat' dir='ltr'>Formam</span> <span class='ocrx_word' id='word_1_174' title='bbox 1409 1465 1525 1515; x_wconf 80' lang='lat' dir='ltr'>igitur</span> <span class='ocrx_word' id='word_1_175' title='bbox 1558 1464 1654 1503; x_wconf 88' lang='lat' dir='ltr'>mihi</span> <span class='ocrx_word' id='word_1_176' title='bbox 1677 1479 1716 1501; x_wconf 87' lang='lat'>20</span> 
     </span>
     <span class='ocr_line' id='line_1_22' title="bbox 324 1529 1655 1579; baseline -0.001 -11"><span class='ocrx_word' id='word_1_177' title='bbox 324 1529 444 1569; x_wconf 89' lang='lat' dir='ltr'>totius</span> <span class='ocrx_word' id='word_1_178' title='bbox 473 1529 527 1568; x_wconf 92' lang='lat' dir='ltr'>rei</span> <span class='ocrx_word' id='word_1_179' title='bbox 557 1530 749 1579; x_wconf 90' lang='lat' dir='ltr'>publicae,</span> <span class='ocrx_word' id='word_1_180' title='bbox 782 1530 813 1568; x_wconf 89' lang='lat' dir='ltr'>si</span> <span class='ocrx_word' id='word_1_181' title='bbox 843 1529 920 1568; x_wconf 89' lang='lat' dir='ltr'>iam</span> <span class='ocrx_word' id='word_1_182' title='bbox 950 1544 990 1568; x_wconf 93' lang='lat' dir='ltr'>es</span> <span class='ocrx_word' id='word_1_183' title='bbox 1022 1532 1176 1569; x_wconf 90' lang='lat' dir='ltr'>Romae</span> <span class='ocrx_word' id='word_1_184' title='bbox 1204 1538 1272 1569; x_wconf 85' lang='lat' dir='ltr'>aut</span> <span class='ocrx_word' id='word_1_185' title='bbox 1301 1545 1392 1569; x_wconf 89' lang='lat' dir='ltr'>cum</span> <span class='ocrx_word' id='word_1_186' title='bbox 1422 1530 1506 1579; x_wconf 86' lang='lat' dir='ltr'>eris,</span> <span class='ocrx_word' id='word_1_187' title='bbox 1538 1530 1655 1568; x_wconf 90' lang='lat' dir='ltr'>velim</span> 
     </span>
     <span class='ocr_line' id='line_1_23' title="bbox 325 1594 1655 1646; baseline -0.001 -13"><span class='ocrx_word' id='word_1_188' title='bbox 325 1594 455 1633; x_wconf 89' lang='lat' dir='ltr'>mittas</span> <span class='ocrx_word' id='word_1_189' title='bbox 480 1608 581 1644; x_wconf 87' lang='lat' dir='ltr'>quae</span> <span class='ocrx_word' id='word_1_190' title='bbox 606 1594 703 1632; x_wconf 86' lang='lat' dir='ltr'>mihi</span> <span class='ocrx_word' id='word_1_191' title='bbox 730 1595 888 1633; x_wconf 88' lang='lat' dir='ltr'>obviarn</span> <span class='ocrx_word' id='word_1_192' title='bbox 915 1595 1044 1633; x_wconf 83' lang='lat' dir='ltr'>veniat</span> <span class='ocrx_word' id='word_1_193' title='bbox 1069 1609 1115 1634; x_wconf 83' lang='lat' dir='ltr'>ex</span> <span class='ocrx_word' id='word_1_194' title='bbox 1140 1609 1217 1646; x_wconf 91' lang='lat' dir='ltr'>qua</span> <span class='ocrx_word' id='word_1_195' title='bbox 1245 1610 1308 1634; x_wconf 90' lang='lat' dir='ltr'>me</span> <span class='ocrx_word' id='word_1_196' title='bbox 1335 1597 1480 1646; x_wconf 82' lang='lat' dir='ltr'>fingere</span> <span class='ocrx_word' id='word_1_197' title='bbox 1507 1595 1655 1645; x_wconf 88' lang='lat' dir='ltr'>possim</span> 
     </span>
     <span class='ocr_line' id='line_1_24' title="bbox 325 1659 1655 1709; baseline -0.001 -11"><span class='ocrx_word' id='word_1_198' title='bbox 325 1667 363 1698; x_wconf 91' lang='lat' dir='ltr'>et</span> <span class='ocrx_word' id='word_1_199' title='bbox 383 1659 657 1709; x_wconf 87' lang='lat' dir='ltr'>praemeditari</span> <span class='ocrx_word' id='word_1_200' title='bbox 679 1673 758 1709; x_wconf 92' lang='lat' dir='ltr'>quo</span> <span class='ocrx_word' id='word_1_201' title='bbox 787 1659 920 1697; x_wconf 87' lang='lat' dir='ltr'>animo</span> <span class='ocrx_word' id='word_1_202' title='bbox 946 1661 1133 1698; x_wconf 85' lang='lat' dir='ltr'>accedam</span> <span class='ocrx_word' id='word_1_203' title='bbox 1164 1661 1215 1698; x_wconf 89' lang='lat' dir='ltr'>ad</span> <span class='ocrx_word' id='word_1_204' title='bbox 1242 1661 1391 1699; x_wconf 88' lang='lat' dir='ltr'>urbem.</span> <span class='ocrx_word' id='word_1_205' title='bbox 1453 1662 1523 1697; x_wconf 90' lang='lat' dir='ltr'>Est</span> <span class='ocrx_word' id='word_1_206' title='bbox 1550 1659 1655 1698; x_wconf 89' lang='lat' dir='ltr'>enim</span> 
     </span>
     <span class='ocr_line' id='line_1_25' title="bbox 327 1724 1651 1775; baseline -0.001 -12"><span class='ocrx_word' id='word_1_207' title='bbox 327 1725 519 1775; x_wconf 84' lang='lat' dir='ltr'>quiddam</span> <span class='ocrx_word' id='word_1_208' title='bbox 539 1724 817 1763; x_wconf 87' lang='lat' dir='ltr'>advenientem</span> <span class='ocrx_word' id='word_1_209' title='bbox 839 1737 918 1762; x_wconf 88' lang='lat' dir='ltr'>non</span> <span class='ocrx_word' id='word_1_210' title='bbox 936 1738 1020 1762; x_wconf 90' lang='lat' dir='ltr'>esse</span> <span class='ocrx_word' id='word_1_211' title='bbox 1041 1725 1287 1775; x_wconf 82' lang='lat' dir='ltr'>peregrinum</span> <span class='ocrx_word' id='word_1_212' title='bbox 1309 1732 1427 1774; x_wconf 89' lang='lat' dir='ltr'>atque</span> <span class='ocrx_word' id='word_1_213' title='bbox 1443 1724 1651 1774; x_wconf 88' lang='lat' dir='ltr'>hospitem.</span> 
     </span>
    </p>

    <p class='ocr_par' dir='ltr' id='par_1_6' title="bbox 285 1789 1716 2295">
     <span class='ocr_line' id='line_1_26' title="bbox 285 1789 1713 1841; baseline 0 -13"><span class='ocrx_word' id='word_1_214' title='bbox 285 1802 311 1841; x_wconf 88' lang='lat'><strong><em>5</em></strong></span> <span class='ocrx_word' id='word_1_215' title='bbox 330 1792 380 1828; x_wconf 90' lang='lat' dir='ltr'>Et</span> <span class='ocrx_word' id='word_1_216' title='bbox 412 1791 520 1840; x_wconf 92' lang='lat' dir='ltr'>quod</span> <span class='ocrx_word' id='word_1_217' title='bbox 553 1803 679 1839; x_wconf 88' lang='lat' dir='ltr'>paene</span> <span class='ocrx_word' id='word_1_218' title='bbox 708 1789 897 1839; x_wconf 87' lang='lat' dir='ltr'>praeterii,</span> <span class='ocrx_word' id='word_1_219' title='bbox 931 1790 1040 1828; x_wconf 82' lang='lat' dir='ltr'>Bruti</span> <span class='ocrx_word' id='word_1_220' title='bbox 1069 1790 1125 1828; x_wconf 89' lang='lat' dir='ltr'>tui</span> <span class='ocrx_word' id='word_1_221' title='bbox 1155 1804 1283 1837; x_wconf 85' lang='lat' dir='ltr'>causa,</span> <span class='ocrx_word' id='word_1_222' title='bbox 1315 1797 1357 1828; x_wconf 94' lang='lat' dir='ltr'>ut</span> <span class='ocrx_word' id='word_1_223' title='bbox 1387 1803 1502 1840; x_wconf 83' lang='lat' dir='ltr'>saepe</span> <span class='ocrx_word' id='word_1_224' title='bbox 1533 1791 1584 1828; x_wconf 90' lang='lat' dir='ltr'>ad</span> <span class='ocrx_word' id='word_1_225' title='bbox 1616 1798 1654 1828; x_wconf 90' lang='lat' dir='ltr'>te</span> <span class='ocrx_word' id='word_1_226' title='bbox 1676 1802 1713 1834; x_wconf 87' lang='lat'>25</span> 
     </span>
     <span class='ocr_line' id='line_1_27' title="bbox 328 1854 1655 1905; baseline -0.001 -11"><span class='ocrx_word' id='word_1_227' title='bbox 328 1855 474 1905; x_wconf 84' lang='lat' dir='ltr'>scripsi,</span> <span class='ocrx_word' id='word_1_228' title='bbox 515 1854 589 1893; x_wconf 89' lang='lat' dir='ltr'>feci</span> <span class='ocrx_word' id='word_1_229' title='bbox 628 1854 771 1892; x_wconf 90' lang='lat' dir='ltr'>omnia.</span> <span class='ocrx_word' id='word_1_230' title='bbox 850 1854 983 1904; x_wconf 87' lang='lat' dir='ltr'>Cyprii</span> <span class='ocrx_word' id='word_1_231' title='bbox 1025 1855 1309 1903; x_wconf 78' lang='lat' dir='ltr'>numerabant3</span> <span class='ocrx_word' id='word_1_232' title='bbox 1357 1856 1427 1893; x_wconf 88' lang='lat' dir='ltr'>sed</span> <span class='ocrx_word' id='word_1_233' title='bbox 1475 1855 1655 1904; x_wconf 85' lang='lat' dir='ltr'>Scaptius</span> 
     </span>
     <span class='ocr_line' id='line_1_28' title="bbox 327 1919 1656 1968; baseline -0.001 -9"><span class='ocrx_word' id='word_1_234' title='bbox 327 1919 551 1959; x_wconf 85' lang='lat' dir='ltr'>centesimis</span> <span class='ocrx_word' id='word_1_235' title='bbox 585 1926 772 1958; x_wconf 84' lang='lat' dir='ltr'>renovato</span> <span class='ocrx_word' id='word_1_236' title='bbox 804 1919 843 1957; x_wconf 88' lang='lat' dir='ltr'>in</span> <span class='ocrx_word' id='word_1_237' title='bbox 878 1919 1050 1968; x_wconf 80' lang='lat' dir='ltr'>singulos</span> <span class='ocrx_word' id='word_1_238' title='bbox 1084 1933 1209 1958; x_wconf 89' lang='lat' dir='ltr'>annos</span> <span class='ocrx_word' id='word_1_239' title='bbox 1249 1921 1407 1958; x_wconf 89' lang='lat' dir='ltr'>faenore</span> <span class='ocrx_word' id='word_1_240' title='bbox 1446 1928 1656 1958; x_wconf 89' lang='lat' dir='ltr'>contentus</span> 
     </span>
     <span class='ocr_line' id='line_1_29' title="bbox 328 1984 1657 2035; baseline 0 -12"><span class='ocrx_word' id='word_1_241' title='bbox 328 1999 408 2024; x_wconf 89' lang='lat' dir='ltr'>non</span> <span class='ocrx_word' id='word_1_242' title='bbox 447 1984 529 2023; x_wconf 90' lang='lat' dir='ltr'>fuit.</span> <span class='ocrx_word' id='word_1_243' title='bbox 588 1984 872 2023; x_wconf 84' lang='lat' dir='ltr'>Ariobarzanes</span> <span class='ocrx_word' id='word_1_244' title='bbox 911 1998 992 2023; x_wconf 87' lang='lat' dir='ltr'>non</span> <span class='ocrx_word' id='word_1_245' title='bbox 1027 1985 1066 2023; x_wconf 87' lang='lat' dir='ltr'>in</span> <span class='ocrx_word' id='word_1_246' title='bbox 1102 1985 1337 2035; x_wconf 86' lang='lat' dir='ltr'>Pompeium</span> <span class='ocrx_word' id='word_1_247' title='bbox 1371 1985 1555 2035; x_wconf 82' lang='lat' dir='ltr'>prolixior</span> <span class='ocrx_word' id='word_1_248' title='bbox 1588 1999 1657 2035; x_wconf 86' lang='lat' dir='ltr'>per</span> 
     </span>
     <span class='ocr_line' id='line_1_30' title="bbox 327 2049 1655 2100; baseline 0 -12"><span class='ocrx_word' id='word_1_249' title='bbox 327 2049 455 2100; x_wconf 87' lang='lat' dir='ltr'>ipsum</span> <span class='ocrx_word' id='word_1_250' title='bbox 486 2063 605 2100; x_wconf 88' lang='lat' dir='ltr'>quam</span> <span class='ocrx_word' id='word_1_251' title='bbox 634 2063 703 2100; x_wconf 88' lang='lat' dir='ltr'>per</span> <span class='ocrx_word' id='word_1_252' title='bbox 732 2063 795 2088; x_wconf 75' lang='lat' dir='ltr'>nie</span> <span class='ocrx_word' id='word_1_253' title='bbox 825 2049 865 2087; x_wconf 86' lang='lat' dir='ltr'>in</span> <span class='ocrx_word' id='word_1_254' title='bbox 888 2052 1063 2087; x_wconf 80' lang='lat' dir='ltr'>Brutum.</span> <span class='ocrx_word' id='word_1_255' title='bbox 1125 2051 1256 2099; x_wconf 86' lang='lat' dir='ltr'>Quem</span> <span class='ocrx_word' id='word_1_256' title='bbox 1287 2057 1421 2088; x_wconf 81' lang='lat' dir='ltr'>tamen</span> <span class='ocrx_word' id='word_1_257' title='bbox 1448 2063 1521 2099; x_wconf 83' lang='lat' dir='ltr'>ego</span> <span class='ocrx_word' id='word_1_258' title='bbox 1548 2063 1655 2100; x_wconf 88' lang='lat' dir='ltr'>prae-</span> 
     </span>
     <span class='ocr_line' id='line_1_31' title="bbox 327 2114 1716 2165; baseline -0.001 -12"><span class='ocrx_word' id='word_1_259' title='bbox 327 2123 426 2153; x_wconf 86' lang='lat' dir='ltr'>stare</span> <span class='ocrx_word' id='word_1_260' title='bbox 447 2128 527 2153; x_wconf 92' lang='lat' dir='ltr'>non</span> <span class='ocrx_word' id='word_1_261' title='bbox 549 2123 725 2165; x_wconf 85' lang='lat' dir='ltr'>poteram</span> <span class='ocrx_word' id='word_1_262' title='bbox 743 2129 752 2161; x_wconf 91' lang='lat'>;</span> <span class='ocrx_word' id='word_1_263' title='bbox 781 2122 860 2152; x_wconf 88' lang='lat' dir='ltr'>erat</span> <span class='ocrx_word' id='word_1_264' title='bbox 884 2114 989 2152; x_wconf 90' lang='lat' dir='ltr'>enirn</span> <span class='ocrx_word' id='word_1_265' title='bbox 1014 2128 1079 2152; x_wconf 80' lang='lat' dir='ltr'>rex</span> <span class='ocrx_word' id='word_1_266' title='bbox 1102 2128 1321 2164; x_wconf 83' lang='lat' dir='ltr'>perpauper</span> <span class='ocrx_word' id='word_1_267' title='bbox 1344 2115 1583 2165; x_wconf 89' lang='lat' dir='ltr'>aberamque</span> <span class='ocrx_word' id='word_1_268' title='bbox 1602 2115 1653 2153; x_wconf 90' lang='lat' dir='ltr'>ab</span> <span class='ocrx_word' id='word_1_269' title='bbox 1675 2129 1716 2160; x_wconf 80' lang='lat'>30</span> 
     </span>
     <span class='ocr_line' id='line_1_32' title="bbox 326 2179 1653 2231; baseline -0.002 -12"><span class='ocrx_word' id='word_1_270' title='bbox 326 2194 373 2219; x_wconf 89' lang='lat' dir='ltr'>eo</span> <span class='ocrx_word' id='word_1_271' title='bbox 404 2180 456 2218; x_wconf 89' lang='lat' dir='ltr'>ita</span> <span class='ocrx_word' id='word_1_272' title='bbox 484 2182 600 2231; x_wconf 81' lang='lat' dir='ltr'>longe</span> <span class='ocrx_word' id='word_1_273' title='bbox 630 2187 672 2218; x_wconf 90' lang='lat' dir='ltr'>ut</span> <span class='ocrx_word' id='word_1_274' title='bbox 702 2179 798 2217; x_wconf 89' lang='lat' dir='ltr'>nihil</span> <span class='ocrx_word' id='word_1_275' title='bbox 828 2193 984 2229; x_wconf 85' lang='lat' dir='ltr'>possem</span> <span class='ocrx_word' id='word_1_276' title='bbox 1010 2180 1083 2218; x_wconf 89' lang='lat' dir='ltr'>nisi</span> <span class='ocrx_word' id='word_1_277' title='bbox 1114 2180 1274 2226; x_wconf 84' lang='lat' dir='ltr'>litteris;</span> <span class='ocrx_word' id='word_1_278' title='bbox 1308 2180 1451 2231; x_wconf 91' lang='lat' dir='ltr'>quibus</span> <span class='ocrx_word' id='word_1_279' title='bbox 1480 2193 1653 2229; x_wconf 80' lang='lat' dir='ltr'>pugnare</span> 
     </span>
     <span class='ocr_line' id='line_1_33' title="bbox 326 2244 1654 2295; baseline -0.002 -11"><span class='ocrx_word' id='word_1_280' title='bbox 326 2260 407 2285; x_wconf 86' lang='lat' dir='ltr'>non</span> <span class='ocrx_word' id='word_1_281' title='bbox 428 2245 569 2284; x_wconf 91' lang='lat' dir='ltr'>destiti.</span> <span class='ocrx_word' id='word_1_282' title='bbox 630 2246 792 2283; x_wconf 86' lang='lat' dir='ltr'>Summa</span> <span class='ocrx_word' id='word_1_283' title='bbox 812 2246 909 2282; x_wconf 86' lang='lat' dir='ltr'>haec</span> <span class='ocrx_word' id='word_1_284' title='bbox 930 2252 997 2282; x_wconf 83' lang='lat' dir='ltr'>est.</span> <span class='ocrx_word' id='word_1_285' title='bbox 1059 2247 1134 2283; x_wconf 88' lang='lat' dir='ltr'>Pro</span> <span class='ocrx_word' id='word_1_286' title='bbox 1155 2245 1305 2284; x_wconf 85' lang='lat' dir='ltr'>ratione</span> <span class='ocrx_word' id='word_1_287' title='bbox 1331 2245 1523 2295; x_wconf 87' lang='lat' dir='ltr'>pecuniae</span> <span class='ocrx_word' id='word_1_288' title='bbox 1543 2244 1654 2283; x_wconf 89' lang='lat' dir='ltr'>liber-</span> 
     </span>
    </p>
   </div>
   <div class='ocr_carea' id='block_1_3' title="bbox 326 2346 1661 2434">
    <p class='ocr_par' dir='ltr' id='par_1_7' title="bbox 326 2346 1661 2434">
     <span class='ocr_line' id='line_1_34' title="bbox 368 2346 1661 2390; baseline -0.001 -11"><span class='ocrx_word' id='word_1_289' title='bbox 368 2360 388 2389; x_wconf 86' lang='lat'>9</span> <span class='ocrx_word' id='word_1_290' title='bbox 417 2349 571 2380; x_wconf 80' lang='lat' dir='ltr'>dilaudas</span> <span class='ocrx_word' id='word_1_291' title='bbox 590 2349 665 2379; x_wconf 81' lang='lat' dir='ltr'>V1&#39;cl.</span> <span class='ocrx_word' id='word_1_292' title='bbox 686 2360 692 2379; x_wconf 92' lang='lat'>:</span> <span class='ocrx_word' id='word_1_293' title='bbox 713 2348 755 2377; x_wconf 88' lang='lat' dir='ltr'>(lii</span> <span class='ocrx_word' id='word_1_294' title='bbox 777 2348 892 2377; x_wconf 83' lang='lat' dir='ltr'>laudas</span> <span class='ocrx_word' id='word_1_295' title='bbox 907 2346 957 2376; x_wconf 74' lang='grc' dir='ltr'>Μ1</span> <span class='ocrx_word' id='word_1_296' title='bbox 979 2359 985 2376; x_wconf 88' lang='lat'>:</span> <span class='ocrx_word' id='word_1_297' title='bbox 1009 2352 1042 2378; x_wconf 81' lang='lat' dir='ltr'>tu</span> <span class='ocrx_word' id='word_1_298' title='bbox 1061 2347 1177 2378; x_wconf 88' lang='lat' dir='ltr'>laudas</span> <span class='ocrx_word' id='word_1_299' title='bbox 1195 2348 1251 2378; x_wconf 78' lang='lat' dir='ltr'>M2</span> <span class='ocrx_word' id='word_1_300' title='bbox 1393 2351 1431 2379; x_wconf 84' lang='lat'>16</span> <span class='ocrx_word' id='word_1_301' title='bbox 1455 2348 1570 2390; x_wconf 89' lang='lat' dir='ltr'>doleo]</span> <span class='ocrx_word' id='word_1_302' title='bbox 1587 2348 1661 2379; x_wconf 82' lang='lat' dir='ltr'>ln&#39;nc</span> 
     </span>
     <span class='ocr_line' id='line_1_35' title="bbox 326 2390 1383 2434; baseline 0 -11"><span class='ocrx_word' id='word_1_303' title='bbox 326 2403 428 2432; x_wconf 77' lang='lat' dir='ltr'>usque</span> <span class='ocrx_word' id='word_1_304' title='bbox 444 2393 489 2423; x_wconf 78' lang='lat' dir='ltr'>ad</span> <span class='ocrx_word' id='word_1_305' title='bbox 503 2404 532 2431; x_wconf 89' lang='lat'>4.</span> <span class='ocrx_word' id='word_1_306' title='bbox 558 2402 570 2422; x_wconf 90' lang='lat'>1</span> <span class='ocrx_word' id='word_1_307' title='bbox 592 2394 664 2434; x_wconf 72' lang='lat' dir='ltr'>(ex)</span> <span class='ocrx_word' id='word_1_308' title='bbox 685 2392 825 2422; x_wconf 76' lang='lat' dir='ltr'>alterum</span> <span class='ocrx_word' id='word_1_309' title='bbox 844 2390 954 2421; x_wconf 75' lang='lat' dir='ltr'>codicis</span> <span class='ocrx_word' id='word_1_310' title='bbox 975 2391 1261 2432; x_wconf 69' lang='lat' dir='ltr'>[Vsragmcntum</span> <span class='ocrx_word' id='word_1_311' title='bbox 1279 2395 1383 2423; x_wconf 74' lang='lat' dir='ltr'>exstat</span> 
     </span>
    </p>
   </div>
  </div>
 </body>
</html>
