1817 2832
706 122 818 160 EPP.
850 122 929 160 AD
957 120 1219 160 ATTICVM
1491 119 1608 157 VIII.
1632 119 1693 156 xii

273 231 462 281 consilia3
491 231 634 283 quibus
661 231 693 271 si
721 231 949 283 paruissem,
969 230 1162 270 tristitiam
1190 231 1346 269 illorum
1375 238 1598 280 temporum

271 312 354 337 non
380 298 584 337 subissem.
644 297 812 336 Memini
835 297 930 348 quid
957 297 1053 335 mihi
1081 305 1164 335 tum
1194 295 1358 335 suaseris
1384 309 1452 345 per
1471 297 1600 334 Theo-

272 364 458 413 phanem,
496 376 565 413 per
602 364 850 410 Culleonem,
887 362 1008 412 idque
1045 375 1162 411 saepe
1206 360 1467 410 ingemiscens
1512 373 1599 398 sum

272 429 508 466 recordatus.
568 429 659 476 Qua
689 441 729 465 re
760 440 865 465 nunc
897 429 1034 465 saltem
1066 427 1118 464 ad
1149 425 1235 464 illos
1269 427 1440 463 calculos
1479 439 1601 463 rever-

236 505 252 538 5
272 499 399 529 tamur
419 505 518 541 quos
540 499 623 529 tum
649 491 877 538 abiecimus,
899 499 942 529 ut
967 504 1049 528 non
1075 492 1204 528 solum
1230 489 1406 540 gloriosis
1428 489 1599 527 consiliis

272 564 427 594 utamur
447 557 516 594 sed
537 556 653 594 etiam
674 558 792 606 paulo
812 555 1101 594 salubrioribus.
1142 555 1221 593 Sed
1236 554 1333 592 nihil
1353 554 1575 604 praescribo
1590 568 1600 601 ,·

272 628 452 659 accurate
482 620 599 659 velim
633 620 848 670 perscribas
878 628 984 658 tuam
1018 621 1069 658 ad
1099 633 1162 657 me
1191 619 1437 658 sententiam.
1495 620 1599 657 Volo
1618 623 1646 660 6

273 684 391 723 etiarn
418 685 595 734 exquiras
625 698 742 734 quam
770 675 1067 734 dlligentissime
1094 683 1238 734 poteris
1259 683 1441 734 (habebis
1467 690 1600 721 autem

272 762 341 799 per
368 763 466 799 quos
491 749 634 800 possis)
655 749 751 799 quid
776 750 966 787 Lentulus
993 756 1137 796 noster,
1157 748 1253 798 quid
1282 747 1480 786 Domitius
1500 754 1599 797 agat,

216 828 254 851 10
274 814 371 864 quid
403 822 559 852 acturus
590 814 652 861 sit,
683 827 802 863 quem
835 814 885 852 ad
917 814 1081 851 modum
1112 826 1217 850 nunc
1251 826 1293 850 se
1325 820 1470 862 gerant,
1506 825 1601 849 num

274 892 393 929 quem
408 886 605 919 accusent.
621 892 716 917 num
733 877 826 928 quoi
843 885 1143 916 suscenseant—
1151 877 1246 927 quid
1263 877 1353 915 dico
1369 891 1462 914 num
1480 876 1603 927 quoi?

273 957 370 982 num
410 943 611 994 Pompeio.
687 943 864 982 Omnino
905 944 1061 992 culpam
1100 955 1260 980 omnem
1307 941 1518 991 Pompeius
1562 941 1602 979 in

278 1008 499 1046 Domitium
547 1009 708 1055 confert,
751 1009 859 1057 quod
903 1007 1023 1057 ipsius
1068 1007 1202 1045 litteris
1246 1006 1431 1056 cognosci
1473 1012 1602 1056 potest

276 1086 441 1122 quarum
479 1074 702 1122 exemplum
739 1073 790 1110 ad
830 1079 867 1110 te
898 1071 995 1109 misi.
1057 1073 1170 1109 Haec
1208 1070 1323 1121 igitur
1359 1070 1510 1109 videbis
1549 1078 1597 1118 et,

217 1151 256 1183 15
276 1138 384 1187 quod
416 1138 468 1175 ad
498 1144 536 1175 te
568 1144 660 1175 ante
690 1136 835 1186 scripsi,
869 1135 1045 1174 Demetri
1081 1135 1276 1185 Magnetis
1305 1135 1447 1174 librum
1481 1148 1601 1186 quem

274 1202 326 1240 ad
355 1209 394 1241 te
422 1201 526 1240 misit
555 1202 605 1240 de
633 1200 845 1241 concordia
873 1200 990 1240 velim
1018 1199 1115 1239 mihi
1144 1199 1285 1238 mittas.

912 1367 961 1406 A.

514 1470 583 1503 Scr.
602 1470 754 1502 Luceriae
768 1470 830 1501 xiii
842 1474 902 1502 aut
915 1470 962 1501 xii
975 1470 1019 1501 K.
1040 1468 1140 1502 Mat-t.
1161 1480 1191 1502 a.
1213 1480 1267 1510 705
1286 1468 1375 1511 (49).

441 1566 512 1598 CN.
542 1566 733 1597 MAGNVS
759 1565 956 1596 PROCOS.
983 1565 1017 1596 S.
1045 1565 1084 1595 D.
1113 1565 1149 1595 C.
1176 1563 1435 1594 MARCELLO

218 1632 257 1655 20
726 1621 763 1650 L.
790 1619 1004 1650 LENTVLO
1030 1619 1156 1651 COSS.

330 1701 415 1750 Ego
444 1700 553 1750 quod
582 1697 853 1737 existimabam
873 1697 1069 1747 dispersos
1096 1709 1168 1734 nos
1192 1710 1321 1746 neque
1348 1695 1401 1734 rei
1421 1695 1602 1746 publicae
1621 1710 1639 1738 1

275 1764 379 1803 utilis
408 1778 537 1814 neque
566 1763 681 1802 nobis
710 1762 904 1813 praesidio
933 1775 1018 1800 esse
1047 1775 1173 1812 posse,
1196 1761 1343 1800 idcirco
1372 1763 1422 1800 ad
1453 1763 1496 1799 L.
1524 1763 1602 1799 Do-

275 1828 429 1867 mitium
458 1829 603 1867 litteras
633 1828 733 1876 misi,
754 1827 923 1878 primum
953 1826 1009 1864 uti
1038 1826 1121 1876 ipse
1151 1840 1241 1864 cum
1270 1825 1379 1864 omni
1408 1825 1521 1876 copia
1551 1827 1602 1864 ad

276 1907 348 1932 nos
381 1894 552 1941 veniret3
594 1893 625 1931 si
663 1895 713 1932 de
745 1907 785 1931 se
822 1892 1032 1939 dubitaret,
1063 1899 1105 1929 ut
1135 1890 1306 1929 cohortis
1341 1903 1462 1928 xvnn
1502 1904 1603 1940 quae

218 1972 255 2004 25
276 1971 323 1997 ex
357 1958 503 1997 Piceno
534 1959 585 1997 ad
619 1972 683 1997 me
721 1958 791 1996 iter
822 1959 1022 1996 habebant
1051 1958 1102 1995 ad
1136 1970 1208 1994 nos
1242 1956 1420 1994 mitteret.
1482 1956 1603 2004 Quod

275 2023 418 2062 veritus
448 2037 534 2061 sum
563 2024 709 2061 facturn
739 2031 797 2061 est
826 2030 868 2060 ut
896 2022 1094 2060 Domitius
1121 2021 1384 2071 implicaretur
1410 2028 1448 2058 et
1474 2034 1603 2070 neque

274 2088 357 2138 ipse
378 2087 469 2126 satis
490 2089 622 2125 firmus
649 2095 751 2126 esset
775 2088 825 2125 ad
853 2095 978 2125 castra
1003 2086 1192 2133 facienda,
1216 2087 1323 2135 quod
1352 2098 1458 2123 meas
1478 2097 1600 2123 xvnu

274 2160 312 2190 et
350 2165 439 2190 suas
476 2164 537 2190 ΧΠ
572 2152 742 2190 cohortis
774 2152 896 2190 tribus
927 2151 966 2189 in
998 2151 1153 2201 oppidis
1184 2151 1409 2189 distributas
1440 2150 1602 2189 haberet

276 2216 384 2267 (narn
414 2216 555 2266 partim
581 2217 717 2263 Albae,
740 2216 879 2266 partim
909 2217 1098 2254 Sulmone
1126 2214 1363 2263 conlocavit)
1393 2228 1522 2265 neque
1550 2228 1596 2262 se,

219 2294 259 2324 30
277 2281 308 2320 si
337 2282 463 2328 vellet,
495 2281 678 2330 expedire
706 2289 848 2331 posset.

387 2386 429 2416 26
453 2391 486 2416 et
503 2384 663 2426 Madvig:
689 2390 725 2416 ut
743 2384 793 2414 Μ1
813 2397 820 2416 ;
844 2384 903 2416 del.
922 2384 976 2414 M2
1113 2395 1155 2424 29
1179 2395 1216 2415 se
1233 2384 1308 2415 add.
1327 2383 1356 2413 L
1375 2384 1514 2426 (marg.)
