1790 2837
629 105 741 142 EPP.
773 104 851 141 AD
881 104 1140 144 ATTICVM
1486 104 1539 141 II.
1562 103 1623 140 xii

259 215 295 254 O
327 213 455 253 suavis
487 214 673 265 epistulas
704 222 790 253 tuas
822 228 902 254 uno
934 222 1110 265 tempore
1140 214 1236 253 mihi
1266 215 1376 253 datas
1405 215 1526 253 duas!

204 278 360 328 Quibus
381 280 580 331 εὐαγγέλια
600 293 701 329 quae
717 280 880 318 reddam
897 279 1030 318 nescio
1047 294 1058 328 3
1086 279 1221 318 deberi
1237 279 1397 329 quidem
1412 281 1528 330 plane

202 345 335 382 fateor.
395 346 473 383 Sed
501 344 591 383 vide
620 346 852 396 συγκύρημα.
912 346 1156 383 Emerseram
1190 345 1447 382 commodum
1481 352 1570 382 ex2

200 408 354 448 Antiati
377 409 417 447 in
442 409 614 460 Appiam
643 411 695 448 ad
721 409 808 448 Tris
829 409 1031 448 Tabernas
1060 408 1154 459 ipsis
1184 408 1412 456 Cerialibus,
1436 422 1526 447 curn

162 484 179 516 5
200 473 239 511 in
275 488 338 512 me
372 474 531 513 incurrit
564 477 694 513 Roma
722 474 883 513 veniens
919 474 1039 513 Curio
1070 487 1191 512 meus.
1251 474 1406 513 Ibidem
1437 474 1527 513 ilico

198 551 296 589 puer
328 540 398 578 abs
429 548 466 579 te
498 554 589 578 cum
619 540 805 591 epistulis.
866 541 939 578 Ille
970 553 1017 578 ex
1046 553 1120 586 me,
1150 539 1299 578 nihilne
1327 539 1526 578 audissem

198 604 301 642 novi.
380 607 465 655 Ego
503 619 654 655 negare.
735 605 952 644 ‘Publius’
1000 604 1126 654 inquit
1167 604 1434 643 ‘tribunatum
1472 605 1523 653 pl.

197 669 319 718 petit.’
379 671 510 719 ‘Quid
543 671 650 709 ais?'
710 672 786 708 ‘Et
820 669 1113 708 inimicissimus
1143 669 1303 720 quidem
1335 669 1522 716 Caesaris,

198 742 235 772 et
260 743 302 773 ut
332 735 486 773 omnia'
517 735 645 786 inquit
678 735 771 774 ‘ista
800 735 1020 774 rescindat.’
1080 734 1214 783 ‘Quid
1242 736 1436 774 Caesar?'
1471 734 1526 772 in-

140 810 179 832 10
197 811 327 848 quam.
390 801 540 850 ‘Negat
574 814 615 838 se
649 800 862 850 quicquam
901 801 951 838 de
982 799 1083 837 illius
1117 799 1332 849 adoptione
1365 799 1523 837 tulisse.’

199 863 356 903 Deinde
373 878 501 913 suum,
524 865 702 912 Memmi,
729 865 882 903 Metelli
912 864 1079 914 Nepotis
1104 864 1344 914 exprompsit
1374 864 1522 903 odium.

198 928 438 979 Complexus
477 929 660 968 iuvenem
699 930 830 968 dimisi
862 943 1075 980 properans
1106 931 1154 968 ad
1192 929 1387 980 epistulas.
1445 929 1524 968 Vbi

196 1002 286 1032 sunt
316 994 383 1044 qui
417 994 527 1033 aiunt
560 996 683 1045 ζώσης
716 997 868 1044 φωνῆςΡ
907 1002 1055 1044 quanto
1089 994 1212 1044 magis
1245 994 1325 1033 vidi
1363 1008 1410 1033 ex
1448 994 1523 1033 tuis

194 1058 329 1097 litteris
346 1072 464 1108 quam
485 1073 532 1098 ex
552 1059 653 1098 illius
674 1074 855 1099 sermone
871 1059 967 1109 quid
987 1067 1176 1109 ageretur,
1191 1061 1241 1098 de
1262 1059 1524 1098 ruminatione

137 1134 173 1165 15
194 1123 402 1170 cotidiana,
426 1126 476 1163 de
503 1125 741 1175 cogitatione
769 1125 894 1170 Publi,
922 1126 972 1163 de
994 1124 1097 1162 lituis
1123 1125 1317 1174 βοώπιδος,
1341 1126 1390 1163 de
1411 1124 1524 1174 signi-

193 1189 274 1226 fero
304 1189 542 1236 Athenione,
577 1191 627 1228 de
661 1189 795 1228 litteris
826 1189 953 1227 missis
992 1190 1044 1227 ad
1082 1191 1275 1237 Gnaeum,
1312 1190 1362 1227 de
1395 1191 1523 1227 Theo-

192 1253 333 1302 phanis
365 1254 612 1304 Memmique
647 1268 852 1303 sermone,
901 1262 1089 1304 quantam
1121 1268 1236 1304 porro
1266 1253 1361 1291 mihi
1391 1267 1522 1304 exspe-

193 1317 405 1356 ctationem
430 1319 574 1357 dedisti
601 1319 757 1357 convivi
782 1319 892 1357 istius
923 1322 1107 1371 ἀσελγοῦς
1127 1322 1133 1356 !
1190 1320 1285 1357 Sum
1307 1318 1346 1356 in
1367 1319 1522 1357 curiosi-

192 1389 270 1420 tate
291 1384 487 1430 ὀξύπεινος,
511 1385 581 1422 sed
602 1391 734 1422 tamen
755 1384 868 1422 facile
889 1383 1015 1434 patior
1035 1391 1073 1421 te
1094 1383 1134 1422 id
1154 1384 1205 1421 ad
1226 1396 1289 1421 me
1309 1385 1522 1433 συμπόσιον

134 1459 173 1481 20
191 1460 272 1485 non
293 1448 461 1487 scribere
476 1463 485 1496 ;
515 1456 761 1498 praesentem
781 1449 916 1487 audire
937 1450 1051 1487 malo.

245 1513 366 1561 Quod
388 1526 451 1551 me
471 1521 514 1551 ut
534 1512 702 1551 scribam
727 1513 876 1563 aliquid
899 1513 1074 1559 hortaris,
1090 1512 1227 1551 crescit
1241 1512 1336 1550 mihi
1357 1511 1517 1562 quidem
1539 1517 1563 1555 3

189 1577 379 1624 materies,
399 1586 442 1616 ut
462 1577 574 1625 dicis,
588 1579 658 1616 sed
680 1586 761 1616 tota
787 1592 847 1616 res
868 1578 986 1616 etiam
1007 1592 1113 1616 nunc
1134 1579 1306 1624 fluctuat,
1330 1579 1406 1615 κατ’
1428 1579 1519 1616 ὀπώ-

187 1659 257 1692 ρην
284 1644 383 1693 τρύξ.
458 1644 573 1691 Quae
611 1642 643 1680 si
681 1642 887 1690 desederit,
925 1642 1047 1692 magis
1086 1650 1199 1681 erunt
1237 1642 1383 1692 liquata
1417 1656 1517 1692 quae

188 1707 366 1746 scribam.
427 1709 540 1756 Quae
569 1707 601 1746 si
630 1707 761 1745 statim
791 1721 814 1746 a
843 1722 906 1746 me
936 1709 1032 1746 ferre
1056 1721 1137 1746 non
1164 1707 1345 1756 potueris,
1369 1707 1516 1757 primus

130 1785 166 1816 25
187 1772 351 1811 habebis
381 1780 514 1811 tamen
548 1780 586 1810 et
620 1772 864 1822 aliquamdiu
899 1774 1016 1811 solus.
1091 1771 1379 1810 Dicaearchum
1413 1780 1560 1820 recte4

186 1849 319 1885 amas,·
360 1839 583 1875 luculentus
614 1838 736 1876 homo
775 1844 834 1875 est
872 1845 910 1875 et
948 1837 1043 1875 civis
1078 1837 1184 1874 haud
1222 1837 1340 1886 paulo
1379 1836 1516 1874 melior

185 1914 304 1950 quam
333 1901 397 1940 isti
426 1902 549 1940 nostri
580 1902 820 1954 ἀδικαίαρχοι.
880 1901 1046 1940 Litteras
1078 1900 1213 1950 scripsi
1242 1902 1338 1939 hora
1361 1901 1515 1940 decima

183 1966 404 2005 Cerialibus
437 1967 568 2005 statim
602 1975 645 2006 ut
676 1975 762 2006 tuas
794 1969 974 2017 legeram,
1003 1967 1073 2004 sed
1104 1979 1169 2003 eas
1200 1978 1305 2003 eram
1339 1967 1513 2013 daturus,

187 2037 226 2067 ut
255 2039 447 2080 putaram,
472 2032 658 2082 postridie
683 2032 718 2070 ei
748 2032 815 2082 qui
846 2031 943 2069 mihi
970 2030 1117 2080 primus
1145 2030 1303 2068 obviam
1330 2030 1508 2068 venisset.

127 2107 165 2137 ,30
184 2095 369 2133 Terentia
407 2097 601 2135 delectata
634 2104 692 2135 est
726 2096 802 2134 tuis
836 2095 997 2142 litteris,
1036 2094 1207 2145 impertit
1242 2094 1312 2132 tibi
1347 2096 1511 2133 multam

229 2208 264 2228 11
295 2197 497 2237 Memmique
516 2198 557 2228 M
570 2199 655 2229 unde
672 2199 820 2232 Memmi,
837 2199 876 2237 Q.
897 2197 1086 2238 lVesctlberg
1211 2208 1251 2236 23
1275 2196 1351 2236 τρύξ
1366 2197 1509 2228 Hosius:

182 2243 336 2271 TPAXTC
351 2240 419 2272 MC
483 2242 655 2273 desederit
671 2242 735 2273 cod.
750 2242 1055 2272 Helmstadtiensis:
1083 2241 1269 2272 decesserit
1280 2241 1320 2271 M
1384 2241 1509 2279 liquata

184 2283 302 2315 Orelli:
338 2285 482 2316 iudicata
513 2285 600 2317 codd.
757 2295 797 2324 25
832 2290 865 2316 et
894 2288 963 2316 vett.
981 2296 988 2315 :
1023 2285 1055 2315 id
1084 2283 1125 2314 M
1275 2295 1318 2324 29
1350 2285 1507 2324 putabam

185 2327 374 2368 Wesenbeaeg

0 2820 390 2837 Q„z
451 2829 514 2837 :ffr—
545 2831 719 2837 ’.ψ---Ὗ
