1790 2837
133 843 169 864 10

134 1557 174 1577 20

561 133 673 171 EPP.
705 134 784 171 AD
814 133 1072 173 ATTICVM
1454 133 1531 171 III.
1555 134 1663 171 xviii

185 246 327 283 Vtrum
361 244 401 282 id
435 243 531 282 nihil
566 244 646 291 fuit,
679 257 729 282 an
760 245 986 283 adversatae
1020 251 1110 282 sunt
1138 244 1315 284 Caesaris
1349 244 1508 291 litterae,

185 323 236 348 an
274 317 332 348 est
371 309 520 359 aliquid
559 309 597 347 in
637 311 738 359 spe?
795 309 925 347 Etiam
959 309 1055 348 illud
1095 309 1301 360 scripseras
1340 311 1511 348 eundem

190 375 430 412 ‘secundum
455 373 634 412 comitia'
655 374 808 412 dixisse.
868 375 956 420 Fac,
980 374 1011 412 si
1031 374 1140 413 vides
1161 374 1316 425 quantis
1341 374 1380 413 in
1401 374 1511 413 malis
1531 382 1556 409 2

186 439 334 477 iaceam
365 447 402 478 et
433 439 463 477 si
493 447 606 489 putas
636 453 720 478 esse
750 439 1003 477 humanitatis
1033 447 1132 486 tuae,
1170 453 1233 478 me
1263 441 1323 478 fac
1352 440 1403 478 de
1432 447 1530 478 totav

187 517 303 543 causa
326 512 457 542 nostra
484 503 700 542 certiorem.
760 505 864 541 Nam
886 504 1058 552 Quintus
1086 505 1209 551 frater,
1233 505 1355 543 homo
1382 504 1515 553 mirus,

188 569 254 619 qui
282 583 344 607 me
372 578 451 607 tam
479 570 593 607 valde
622 576 737 615 amat,
764 568 898 607 omnia
925 568 1042 606 mittit
1072 569 1154 619 spei
1180 571 1296 619 plena
1323 577 1513 616 metuens

187 635 320 681 credo,
351 634 615 672 defectionem
654 633 775 671 animi
813 633 914 681 mei3
954 641 1044 672 tuae
1077 641 1208 672 autem
1243 634 1392 672 litterae
1426 642 1515 672 sunt

188 698 340 745 variae:
374 712 503 748 neque
533 698 638 737 enim
669 711 731 736 me
759 699 966 748 desperare
990 697 1046 736 vis
1075 712 1148 736 nec
1176 706 1322 738 temere
1350 712 1512 749 sperare.

190 765 277 810 Fac,
319 764 484 802 obsecro
523 771 571 811 te,
613 771 655 801 ut
694 762 827 801 omnia
869 776 970 813 quae
1009 762 1177 814 perspici
1214 777 1238 802 a
1275 771 1314 803 te
1351 771 1516 814 possunt

189 842 369 866 sciamus.

231 939 343 974 XIX
454 942 524 974 Scr.
550 942 791 974 Thessalonicae
805 943 865 973 xvi
877 942 921 974 K.
941 942 1007 974 Oct.
1027 953 1057 974 α.
1079 943 1141 984 696
1160 944 1236 985 (58).

599 1014 775 1045 CICERO
800 1014 971 1045 ATTICO
998 1014 1096 1046 SAL.

245 1087 390 1134 Quoad
421 1087 504 1124 eius
536 1086 645 1124 modi
680 1086 776 1124 mihi
807 1086 956 1124 litterae
985 1100 1008 1124 a
1033 1086 1145 1125 vobis
1174 1086 1451 1124 adferebantur
1477 1093 1519 1124 ut
1539 1093 1554 1119 1

189 1150 338 1200 aliquid
363 1164 409 1189 ex
433 1150 478 1188 iis
503 1158 606 1189 esset
633 1152 953 1201 exspectandum,
978 1164 1046 1201 spe
1067 1158 1105 1189 et
1125 1150 1339 1201 cupiditate
1355 1151 1519 1188 Thessa-

190 1216 343 1254 lonicae
370 1223 543 1254 retentus
572 1229 683 1264 sum;
714 1224 850 1266 postea
871 1229 990 1266 quam
1017 1216 1145 1255 omnis
1169 1215 1272 1254 actio
1292 1215 1407 1253 huius
1428 1215 1521 1253 anni

191 1282 370 1318 confecta
394 1280 510 1319 nobis
535 1280 750 1327 videbatur,
774 1280 815 1318 in
836 1281 971 1319 Asiam
999 1281 1052 1319 ire
1079 1280 1202 1328 nolui,
1225 1281 1333 1330 quod
1359 1288 1398 1318 et
1424 1281 1522 1318 cele-

191 1345 309 1383 britas
331 1345 427 1382 mihi
447 1345 540 1384 odio
561 1353 619 1383 est
639 1353 686 1392 et,
704 1345 735 1383 si
756 1347 864 1384 fieret
879 1346 1028 1396 aliquid
1047 1359 1069 1384 a
1086 1345 1197 1383 novis
1220 1344 1518 1394 niagistratibuS‚

190 1411 329 1449 abesse
353 1412 468 1459 longe
495 1411 691 1449 nolebam.
753 1412 893 1460 Itaque
921 1410 960 1448 in
986 1410 1149 1460 Epirum
1176 1411 1227 1448 ad
1252 1417 1289 1447 te
1317 1409 1433 1447 statui
1458 1423 1520 1447 me

191 1477 378 1522 conferre,
412 1489 493 1514 non
532 1489 611 1525 quo
650 1489 738 1513 mea
773 1475 977 1514 interesset
1010 1475 1086 1513 loci
1120 1482 1257 1513 natura
1291 1474 1358 1524 qui
1392 1476 1520 1512 lucem

193 1541 356 1579 omnino
394 1542 579 1590 fugerem,
616 1542 685 1579 sed
720 1549 759 1579 et
793 1543 848 1578 ad
881 1543 1045 1579 salutem
1080 1540 1338 1578 libentissime
1373 1553 1419 1578 ex
1453 1547 1522 1577 tuo

192 1614 305 1656 portu
340 1605 564 1656 proficiscar
597 1614 645 1653 et,
678 1605 708 1643 si
743 1619 789 1644 ea
822 1606 997 1656 praecisa
1030 1605 1110 1652 erit,
1143 1618 1337 1654 nusquam
1372 1604 1522 1643 facilius

191 1672 293 1709 hanc
321 1670 577 1708 miserrimam
602 1670 721 1708 vitam
742 1672 803 1709 vel
831 1672 1060 1709 sustentabo
1081 1671 1153 1717 vel,
1176 1671 1285 1719 quod
1313 1671 1437 1708 multo
1465 1678 1522 1707 est

192 1735 341 1782 melius,
364 1735 555 1774 abiecero.
609 1738 696 1774 Ero
716 1749 806 1774 cum
827 1736 975 1786 paucis,
997 1735 1290 1774 multitudinem
1311 1734 1517 1773 dimittam.

195 1802 264 1839 Me
298 1809 387 1838 tuae
422 1800 572 1839 litterae
610 1814 828 1850 numquam
866 1800 906 1838 in
941 1808 1089 1838 tantam
1129 1813 1239 1850 spem
1273 1800 1563 1838 adduxerunt2

195 1873 381 1915 quantam
401 1865 565 1903 aliorum
583 1880 592 1912 3
619 1879 665 1904 ac
686 1873 817 1903 tamen
840 1879 927 1904 mea
947 1878 1035 1915 spes
1056 1864 1173 1903 etiam
1194 1864 1348 1902 tenuior
1368 1877 1522 1914 semper

193 1930 266 1968 fuit
292 1943 410 1979 quam
438 1938 527 1968 tuae
554 1929 712 1968 litterae.
773 1932 851 1968 Sed
878 1938 1009 1968 tamen
1037 1929 1224 1979 quoniam
1251 1936 1437 1978 coeptum
1465 1936 1522 1966 est

193 1994 264 2044 agi,
295 2007 456 2044 quoquo
490 1995 611 2032 modo
646 2003 831 2045 coeptum
866 2002 924 2033 est
955 2002 994 2032 et
1025 2007 1275 2043 quacumque
1308 1995 1358 2031 de
1392 2006 1520 2039 causa,

194 2072 275 2096 non
305 2059 482 2096 deseram
512 2072 642 2108 neque
677 2059 815 2109 optimi
846 2066 964 2108 atque
995 2058 1102 2096 unici
1133 2058 1256 2096 fratris
1288 2057 1447 2096 miseras
1477 2071 1523 2095 ac

194 2123 392 2160 luctuosas
413 2137 546 2172 preces
571 2137 644 2162 nec
668 2123 767 2162 Sesti
789 2131 1086 2172 ceterorumque
1107 2123 1298 2173 promissa
1318 2135 1391 2160 nec
1412 2135 1522 2172 spem

239 2236 258 2264 3
284 2224 365 2265 Fac]
385 2236 473 2256 nunc
490 2227 541 2256 vel
553 2226 658 2256 simile
674 2225 798 2256 Mz'iller
895 2235 933 2265 19
952 2229 1027 2266 post
1042 2226 1223 2256 interesset
1240 2226 1315 2256 add.
1333 2236 1419 2264 quae
1433 2229 1523 2255 esset

197 2269 320 2299 Muller
342 2270 420 2298 olim
436 2280 441 2298 :
474 2270 582 2308 qualis
612 2276 701 2300 esset
733 2269 930 2309 lVesenbmg,
958 2269 1016 2299 sed
1037 2270 1075 2309 cf
1112 2270 1211 2300 refert
1238 2268 1334 2300 Lucr.
1364 2269 1404 2300 ἰν.
1434 2269 1498 2307 984
1516 2279 1523 2299 :

197 2312 380 2343 interesset
398 2312 506 2343 locum
524 2318 652 2343 mutare
667 2312 784 2342 Rachel
919 2323 960 2343 20
984 2313 1025 2343 ad
1043 2312 1117 2343 add.
1139 2313 1260 2342 Rosius
1389 2322 1431 2351 23
1457 2312 1522 2341 Ero

196 2355 272 2386 add.
287 2359 357 2386 vett.
543 2366 585 2394 25
608 2366 646 2386 ac
667 2355 864 2396 Wesenberg,
883 2355 920 2396 cf.
941 2355 1081 2396 Madvzjg
1094 2355 1141 2386 ad
1153 2356 1225 2387 Fin.
1248 2356 1279 2387 ii.
1298 2357 1358 2395 85:
1383 2360 1417 2386 at
1434 2354 1521 2386 codd.

196 2408 236 2437 27
261 2398 314 2437 agi
331 2398 474 2429 Sclnrtz:
500 2409 562 2436 ago
581 2399 636 2428 M¹
654 2410 660 2429 :
685 2409 748 2436 ego
767 2398 825 2428 M2

238 2463 301 2485 εις.
321 2463 368 2483 AD
384 2463 458 2485 ΑΠ’.
1416 2454 1434 2486 7
