1817 2832
136 139 205 176 lv.
225 149 255 176 x
597 140 653 177 M.
686 139 855 176 TVLLI
888 128 1195 178 CICERONI-s

238 250 302 288 illa
328 249 597 289 ambulatione
623 251 700 287 fors
727 248 867 288 viderit
890 255 957 287 aut
977 248 1009 287 si
1035 247 1103 298 qui
1130 255 1189 287 est
1215 247 1283 298 qui
1307 254 1414 286 curet
1444 247 1542 285 deus
1557 260 1567 294 3

196 327 219 353 2
239 322 411 353 nostram
449 314 761 353 ambulationem
796 321 834 352 et
867 312 1110 352 Laconicum
1144 326 1269 363 eaque
1307 326 1408 362 quae
1443 313 1568 361 Cyrea

237 380 314 417 sint
345 379 461 418 velim
494 381 603 430 quod
637 379 778 430 poterit
810 379 953 417 invisas
988 386 1027 417 et
1060 392 1197 428 urgeas
1232 376 1491 416 Philotimum
1526 383 1568 414 ut

237 452 427 495 properet,
461 452 503 483 ut
534 444 682 495 possim
714 444 785 482 tibi
817 444 967 494 aliquid
1000 443 1039 481 in
1070 457 1118 482 eo
1147 456 1288 493 genere
1317 442 1566 492 respondere.

238 510 451 560 Pompeius
490 509 530 547 in
571 511 797 549 Cumanum
839 508 1032 547 Parilibus
1070 508 1188 547 venit.
1267 507 1379 545 Misit
1416 508 1467 545 ad
1506 517 1607 547 me5

238 575 368 613 statim
408 575 475 625 qui
514 577 680 613 salutem
720 574 929 613 nuntiaret.
989 575 1055 613 Ad
1094 587 1186 613 eum
1230 571 1419 624 postridie
1454 584 1570 609 mane

238 641 444 688 vadebam,
476 654 567 679 cum
598 642 695 679 haec
726 640 872 691 scripsi.

284 803 351 838 XI
480 805 549 839 Scr.
570 806 605 837 in
625 805 778 837 Cumano
795 816 825 836 a.
845 805 876 836 d.
896 816 925 837 v.
946 803 988 836 K.
1010 805 1092 837 Mai.
1107 815 1137 836 α.
1157 805 1220 845 699
1239 804 1330 845 (55).

653 894 827 925 CICERO
852 893 1023 924 ATTICO
1051 893 1153 924 SAL.

206 996 222 1023 1
299 985 555 1023 Delectarunt
579 996 643 1021 me
669 981 859 1032 epistulae
886 989 975 1019 tuae
1003 994 1100 1030 quas
1126 979 1262 1029 accepi
1289 993 1370 1018 uno
1397 986 1573 1028 tempore
1597 993 1634 1015 10

242 1050 340 1088 duas
368 1056 460 1087 ante
489 1047 595 1086 diem
626 1059 651 1084 V
682 1048 769 1085 Kal.
831 1049 953 1096 Perge
982 1045 1142 1095 reliqua.
1202 1044 1339 1083 Gestio
1374 1043 1471 1082 scire
1502 1043 1575 1081 ista

243 1114 386 1153 onmia.
438 1113 569 1151 Etiam
590 1112 687 1151 illud
715 1112 826 1150 cuius
848 1111 957 1150 modi
987 1111 1035 1149 sit
1055 1110 1173 1149 velim
1197 1109 1433 1160 perspicias3
1462 1116 1575 1158 potes

243 1194 266 1218 a
288 1178 501 1218 Demetrio.
562 1177 670 1215 Dixit
692 1176 787 1214 mihi
810 1175 1023 1226 Pompeius
1045 1177 1230 1215 Crassum
1251 1189 1274 1213 a
1294 1188 1335 1213 se
1356 1174 1395 1212 in
1417 1175 1575 1212 Albano

244 1242 459 1294 exspectari
490 1249 582 1280 ante
616 1241 723 1280 diem
755 1253 817 1279 1111
852 1242 968 1288 Kal.;
1006 1240 1038 1278 is
1068 1254 1160 1278 curn
1189 1239 1371 1285 venisset,
1404 1240 1575 1276 Romam

244 1323 326 1347 enm
348 1316 386 1347 et
413 1321 454 1346 se
478 1307 608 1345 statim
629 1314 813 1345 venturos
841 1313 883 1344 ut
909 1306 1079 1345 rationes
1106 1319 1197 1343 cum
1221 1303 1442 1354 publicanis
1469 1311 1577 1352 puta·
1602 1316 1637 1348 15

245 1382 341 1413 rent.
401 1372 587 1422 Quaesivi
608 1371 952 1422 gladiatoribusne.
1014 1369 1239 1420 Respondit
1265 1377 1356 1407 ante
1378 1382 1496 1418 quam
1524 1367 1578 1405 in-

246 1441 492 1478 ducerentur.
553 1438 601 1476 Id
623 1437 733 1475 cuius
755 1436 864 1475 modi
886 1436 935 1475 sit
955 1444 1022 1475 aut
1042 1449 1149 1474 nunc
1170 1434 1201 1474 si
1222 1434 1321 1474 scies
1347 1441 1414 1473 aut
1435 1447 1525 1472 curn
1546 1432 1578 1471 is

248 1507 420 1543 Romam
442 1503 589 1542 venerit
610 1504 660 1541 ad
682 1517 745 1541 me
767 1502 898 1540 mittas
919 1502 1047 1540 velim.

203 1581 227 1608 2
302 1571 387 1608 Nos
417 1569 481 1607 hic
510 1582 693 1607 voramus
722 1568 868 1606 litteras
898 1581 989 1605 cum
1020 1566 1182 1606 homine
1216 1564 1380 1604 mirifico
1413 1564 1484 1615 (ita
1514 1576 1578 1601 me

247 1636 404 1674 hercule
425 1632 569 1683 sentio)
593 1633 786 1682 Dionysio
807 1632 875 1682 qui
896 1640 934 1670 te
955 1631 1163 1680 omnisque
1184 1644 1253 1668 vos
1275 1631 1425 1668 salutat.
1600 1640 1640 1661 20

555 1699 672 1736 Οὐδὲν
699 1699 925 1750 γλυκύτερον
953 1696 977 1746 ἦ
1005 1696 1109 1734 πάντ’
1139 1695 1279 1733 εἰδέναι.

248 1769 339 1815 Qua
358 1780 398 1805 re
425 1772 467 1804 ut
491 1763 643 1803 homini
669 1763 823 1802 curioso
850 1762 903 1800 ita
928 1761 1125 1812 perscribe
1145 1762 1196 1799 ad
1222 1774 1284 1798 me
1305 1759 1400 1810 quid
1430 1759 1579 1809 primus

244 1832 343 1878 dies,
366 1831 462 1881 quid
492 1831 700 1875 secundus,
728 1828 824 1878 quid
855 1840 1047 1873 censores,
1076 1826 1172 1876 quid
1200 1825 1364 1875 Appius,
1389 1825 1484 1874 quid
1515 1824 1580 1862 illa

249 1896 383 1947 populi
404 1895 625 1946 Appuleia,
654 1894 826 1943 denique
847 1892 964 1931 etiam
992 1891 1088 1941 quid
1109 1905 1132 1929 a
1151 1899 1188 1929 te
1217 1892 1282 1928 fiat
1302 1891 1352 1928 ad
1378 1903 1441 1927 me
1461 1889 1578 1927 velim

249 1962 406 2000 scribas.
466 1962 558 1999 Non
593 1959 711 2005 enim,
747 1966 789 1996 ut
822 1971 911 1996 vere
943 1958 1160 2006 loquamur,
1198 1964 1277 1993 tam
1317 1955 1433 1993 rebus
1467 1953 1579 1992 novis
1602 1965 1640 1996 25

249 2041 368 2077 quam
399 2026 473 2064 tuis
504 2025 639 2063 litteris
669 2026 854 2063 delector.

305 2094 390 2142 Ego
429 2104 585 2129 mecum
626 2096 778 2140 praeter
826 2086 1060 2136 Dionysium
1101 2085 1217 2124 eduxi
1263 2084 1464 2124 neminem
1507 2097 1581 2122 nec

300 2207 311 2226 1
340 2195 407 2225 fors
424 2193 545 2224 viderit
562 2216 568 2224 .
588 2217 594 2224 .
612 2216 620 2224 .
641 2193 725 2222 deus
749 2191 917 2221 senam'um
943 2200 1007 2220 esse
1030 2199 1068 2219 ex
1088 2192 1180 2229 poeta
1201 2188 1348 2228 quodam
1366 2188 1581 2228 dcsumptunz

247 2243 347 2281 jmlat
377 2238 511 2269 Ribbeck
652 2246 671 2265 2
704 2235 816 2274 Cyrea
852 2233 951 2264 11⁷1‘ct.:
987 2233 1077 2263 cirea
1104 2232 1145 2262 M
1235 2242 1254 2270 3
1279 2236 1357 2262 sunt
1395 2231 1585 2271 lisescnhmg

251 2284 343 2322 quod
371 2282 550 2313 Graevius:
588 2290 656 2318 quo
690 2278 747 2308 M:
788 2287 889 2316 quom
917 2277 1032 2307 Bm'ter
1155 2276 1283 2316 poteris
1312 2275 1470 2305 Graevius
1514 2275 1581 2305 coll.

251 2329 282 2358 6.
303 2338 321 2363 4
456 2335 489 2355 11
515 2327 587 2364 post
610 2324 693 2353 duas
721 2321 795 2351 add.
824 2322 919 2351 datas
951 2319 1140 2360 chsenberg
1220 2319 1254 2360 v]
1281 2330 1306 2350 11
1332 2318 1425 2349 Man.
1544 2328 1580 2357 15

252 2381 327 2400 eum
361 2374 393 2399 et
425 2379 461 2399 se
490 2367 688 2397 Lehmann:
720 2371 753 2396 et
779 2376 815 2395 se
844 2363 901 2394 M:
935 2374 1011 2394 csse
1039 2363 1128 2404 vulg.
1304 2373 1344 2402 27
1369 2362 1470 2393 eduxi
1496 2361 1579 2393 Ant.

250 2413 401 2444 FCOP:
427 2412 508 2443 duxi
532 2410 573 2440 M
