1790 2837
634 101 746 139 EPP.
778 101 856 139 AD
885 102 1145 142 ATTICVM
1525 103 1593 144 I.i

218 223 315 260 quas
344 223 435 250 eum
464 210 558 249 dolo
588 211 693 249 malo
722 211 920 262 mancipio
949 212 1148 263 accepisse
1172 214 1222 253 de
1243 213 1362 254 Vario
1382 214 1539 254 diceret.

216 276 306 313 Vna
325 276 493 325 agebant
514 275 632 314 ceteri
653 276 874 324 creditores,
898 277 937 315 in
959 278 1101 328 quibus
1125 286 1206 318 erat
1225 281 1270 318 L.
1296 281 1482 319 Lucullus
1503 287 1542 319 et

217 341 258 378 P.
282 339 413 390 Scipio
434 348 471 379 et
492 340 523 378 is
545 354 662 390 quem
684 342 875 391 putabant
897 343 1121 392 magistrum
1150 345 1231 383 fore
1252 344 1283 383 si
1308 345 1414 384 bona
1439 344 1543 383 veni-

215 414 311 454 rent,
344 409 386 446 L.
418 407 592 446 Pontius.
652 410 800 446 Verum
832 410 909 447 hoc
939 409 1147 448 ridiculum
1176 418 1233 448 est
1262 412 1312 449 de
1343 410 1538 460 magistro.

176 484 193 516 5
215 472 334 510 Nunc
368 485 564 522 cognosce
602 486 694 511 rem.
756 473 923 523 Rogavit
962 488 1025 512 me
1061 474 1255 514 Caecilius
1287 483 1329 513 ut
1359 477 1539 514 adessem

214 544 351 575 contra
385 538 575 587 Satyrum.
654 538 749 576 Dies
782 540 860 577 fere
899 541 1028 577 nullus
1067 548 1125 578 est
1159 540 1255 590 quin
1287 540 1350 579 hic
1383 542 1539 590 Satyrus

213 602 379 640 domum
400 616 529 641 meam
550 602 736 651 ventitet3
766 603 946 642 observat
968 606 1010 642 L.
1036 605 1256 643 Domitium
1278 604 1459 653 maxime,
1475 618 1538 643 me

212 667 332 705 habet
361 667 607 717 proximum,
636 668 707 706 fuit
736 675 774 706 et
804 668 899 706 mihi
930 676 967 707 et
989 669 1140 718 Quinto
1161 670 1265 708 fratri
1287 683 1429 720 magno
1450 669 1538 708 usui

210 731 251 769 in
281 732 422 771 nostris
452 733 718 782 petitionibus.
777 734 878 772 Sane
905 747 991 771 sum
1020 735 1266 784 perturbatus
1296 748 1385 773 cum
1416 734 1536 785 ipsius
1554 742 1581 780 4

154 811 192 834 10
212 797 335 846 Satyri
356 797 615 836 familiaritate
635 805 718 836 tum
742 798 906 846 Domiti,
923 798 961 836 in
983 812 1062 849 quo
1084 813 1163 838 uno
1185 799 1353 838 maxime
1373 799 1537 838 ambitio

211 870 344 900 nostra
375 862 518 901 nititur.
580 863 856 901 Demonstravi
891 865 988 902 haec
1021 864 1195 904 Caecilio
1226 864 1342 902 simul
1371 872 1409 902 et
1440 864 1538 903 illud

210 927 378 975 ostendi,
400 927 430 965 si
458 927 540 976 ipse
567 941 668 965 unus
693 941 783 966 cum
808 927 874 966 illo
901 942 981 967 uno
1008 931 1275 977 contenderet,
1299 943 1362 968 me
1383 929 1417 968 ei
1445 929 1536 968 satis

209 993 402 1030 facturum
441 992 584 1040 fuisse3
627 1006 733 1030 nunc
765 992 804 1030 in
836 1006 953 1031 causa
983 993 1250 1032 universorum
1283 994 1535 1043 creditorum,

209 1057 416 1095 hominum
455 1056 680 1107 praesertim
720 1057 1062 1107 amplissimorum,
1105 1059 1172 1108 qui
1211 1058 1294 1097 sine
1329 1072 1376 1097 eo
1415 1073 1534 1109 quem

149 1136 186 1168 15
210 1122 405 1162 Caecilius
426 1135 498 1160 suo
525 1121 686 1160 nomine
707 1121 929 1172 perhiberet
953 1123 1066 1161 facile
1095 1137 1253 1162 causam
1279 1137 1533 1162 communem

207 1187 456 1235 sustinerent,
477 1200 648 1236 aequum
678 1201 763 1225 esse
794 1201 884 1225 eum
915 1195 953 1226 et
982 1188 1111 1227 officio
1142 1202 1231 1227 meo
1261 1190 1465 1227 consulere
1495 1197 1533 1228 et

205 1252 384 1303 tempori.
446 1252 592 1290 Durius
616 1252 793 1303 accipere
820 1254 897 1291 hoc
924 1253 1020 1291 mihi
1041 1253 1145 1292 visus
1173 1261 1231 1292 est
1252 1267 1368 1304 quam
1391 1255 1532 1293 vellem

206 1326 243 1357 et
281 1331 400 1368 quam
435 1317 615 1356 homines
655 1317 746 1356 belli
780 1319 918 1365 solent,
952 1326 990 1356 et
1026 1326 1164 1368 postea
1200 1332 1355 1368 prorsus
1393 1319 1443 1358 ab
1477 1319 1532 1356 in-

205 1383 339 1421 stituta
376 1390 509 1421 nostra
546 1395 762 1432 paucorum
804 1382 956 1421 dierum
995 1383 1282 1421 consuetudine
1320 1385 1435 1433 longe
1477 1397 1531 1422 re-

147 1463 186 1484 20
204 1448 311 1498 fugit.

256 1516 342 1554 Abs
363 1523 400 1554 te
421 1522 514 1566 peto
534 1522 576 1553 ut
597 1514 693 1552 mihi
714 1515 789 1552 hoc
806 1512 984 1562 ignoscas
1005 1520 1042 1550 et
1059 1526 1122 1551 me
1138 1512 1333 1551 existimes
1353 1512 1530 1551 humani-

203 1586 282 1618 tate
298 1593 382 1618 esse
398 1579 639 1630 prohibitum
655 1592 699 1616 ne
713 1584 842 1616 contra
858 1576 973 1615 amici
990 1590 1184 1615 summam
1202 1577 1527 1615 existimationem

203 1643 420 1682 miserrimo
441 1644 524 1683 eius
551 1651 728 1693 tempore
749 1642 936 1689 venirem,
957 1655 1047 1679 cum
1078 1641 1108 1679 is
1139 1641 1271 1679 omnia
1301 1655 1370 1679 sua
1399 1642 1528 1680 studia

205 1713 243 1744 et
276 1706 404 1745 officia
434 1706 473 1744 in
513 1720 576 1745 me
610 1705 849 1744 contulisset.
910 1704 1030 1752 Quod
1069 1702 1100 1741 si
1133 1705 1240 1742 voles
1274 1703 1314 1740 in
1346 1717 1408 1741 me
1443 1717 1527 1742 esse

147 1787 185 1819 25
205 1770 347 1818 durior,
383 1770 641 1809 ambitionem
680 1769 835 1820 putabis
874 1768 970 1806 mihi
1009 1767 1216 1806 obstitisse.
1277 1769 1361 1817 Ego
1395 1775 1527 1807 autem

204 1836 378 1884 arbitror,
401 1836 518 1874 etiam
540 1835 571 1874 si
591 1836 631 1874 id
653 1835 711 1882 sit,
736 1834 831 1872 mihi
852 1834 1138 1884 ignoscendum
1159 1846 1254 1880 esse,

547 1913 625 1951 ἐπεὶ
653 1915 722 1964 οὐχ
751 1913 884 1962 ἶερήιον
911 1911 993 1949 οὐδὲ
1021 1911 1161 1960 βοείην.

199 1988 322 2027 Vides
349 1988 454 2028 enim
476 1988 515 2026 in
536 2002 615 2038 quo
636 2002 750 2027 cursu
772 1987 892 2026 simus
921 1994 959 2025 et
980 2000 1098 2036 quam
1120 1984 1248 2024 omnis
1274 1984 1414 2035 gratias
1443 1998 1524 2024 non

200 2055 322 2092 modo
338 2054 560 2092 retinendas
576 2067 710 2092 verum
732 2052 849 2091 etiam
870 2051 1128 2101 acquirendas
1149 2058 1342 2101 putemus.
1402 2052 1524 2101 Spero

142 2128 182 2158 30
200 2117 271 2155 tibi
292 2131 355 2155 me
375 2131 533 2156 causam
554 2118 754 2168 probasse,
774 2116 891 2166 cupio
912 2115 1072 2165 quidem
1095 2123 1208 2154 certe.

255 2184 529 2221 Hermathena
549 2190 615 2221 tua
634 2184 748 2221 valde
775 2196 838 2220 me
865 2182 1033 2219 delectat
1060 2187 1098 2218 et
1118 2179 1245 2229 posita
1265 2179 1316 2217 ita
1337 2180 1439 2217 belle
1465 2186 1522 2217 est
1541 2191 1566 2230 5

245 2297 258 2316 1
287 2285 455 2324 mancipio
480 2295 546 2315 om.
575 2284 628 2314 Ml
762 2295 782 2314 2
806 2285 832 2314 L
859 2283 932 2315 add.
961 2283 1077 2313 Baiter
1216 2291 1235 2321 5
1261 2292 1426 2321 cognosce
1451 2291 1521 2312 rem

199 2328 360 2370 Madvig:
383 2338 591 2368 cognoscere
610 2328 650 2358 M
779 2338 820 2358 22
845 2338 887 2358 ne
905 2332 1021 2358 contra
1038 2329 1107 2357 vett.
1123 2337 1130 2357 :
1154 2336 1219 2357 om.
1238 2324 1280 2355 M
1397 2368 1435 2398 1*
