1817 2832
640 117 753 155 EPP.
785 117 863 154 AD
891 115 1152 155 ATTICVM
1493 115 1589 154 VII.
1612 116 1689 154 xiii

258 226 353 277 quid
374 225 599 265 faciendum
625 234 739 277 putes
759 226 928 276 primum
952 227 1045 277 πρὸς
1063 228 1106 265 τὸ
1132 227 1305 276 ἀσφαλές
1325 225 1451 278 (aliter
1477 225 1583 264 enim

257 290 354 329 mihi
388 292 438 330 de
468 291 541 329 illis
570 305 616 329 ac
646 292 696 330 de
723 305 786 329 me
813 291 898 341 ipso
927 293 1215 330 consulendum
1245 291 1334 342 est),
1361 291 1506 330 deinde
1532 292 1584 330 ad

257 355 475 407 opiniones,
499 370 549 395 ne
569 357 902 406 reprehendamur
922 358 1030 406 quod
1052 370 1116 394 eas
1139 358 1292 395 Romae
1312 356 1477 395 velimus
1498 369 1584 394 esse

257 421 297 459 in
318 421 520 460 communi
550 422 745 459 bonorum
770 422 869 470 fuga.
930 421 1038 469 Quin
1063 421 1180 459 etiam
1208 421 1279 460 tibi
1308 429 1346 460 et
1374 422 1584 460 Peducaeo

218 500 235 531 5
257 485 426 536 (scripsit
447 485 552 524 enim
572 487 623 524 ad
645 485 724 536 me)
745 485 840 535 quid
868 485 1016 524 faciatis
1039 485 1255 524 videndum
1282 493 1350 524 est.
1411 487 1450 523 Is
1477 484 1582 524 enim

256 552 443 601 splendor
463 558 521 589 est
541 559 710 589 vestrum
739 558 780 589 ut
801 552 939 589 eadem
969 552 1215 600 postulentur
1234 565 1256 589 a
1276 550 1387 589 vobis
1412 564 1512 600 quae
1532 551 1582 588 ab

255 616 507 666 amplissimis
527 615 688 654 civibus.
743 617 821 655 Sed
843 617 892 654 de
913 617 988 654 hoc
1010 623 1051 654 tu
1069 615 1234 664 videbis,
1255 616 1400 666 quippe
1420 629 1510 654 curn
1532 616 1582 654 de

256 694 320 720 me
341 680 427 731 ipso
446 695 493 719 ac
512 682 563 720 de
584 680 680 719 meis
700 689 738 719 te
758 680 1005 719 considerare
1025 680 1153 719 velim.

312 746 527 795 Reliquum
557 753 615 784 est
646 753 688 784 ut
716 753 754 784 et
784 745 879 795 quid
908 753 1042 795 agatur
1071 746 1203 795 quoad
1235 744 1378 795 poteris
1405 745 1581 795 explores
1600 754 1627 790 4

199 828 239 851 10
258 810 484 860 scribasque
503 812 554 848 ad
575 824 638 849 me
659 818 697 848 et
722 810 817 860 quid
843 810 926 860 ipse
953 809 1177 848 coniectura
1203 811 1418 859 adsequare
1434 823 1444 856 3
1473 809 1581 858 quod

257 875 374 913 etiam
395 889 418 913 a
438 883 475 913 te
498 875 619 925 magis
636 883 830 925 exspecto.
881 876 985 912 Nam
1001 882 1089 912 acta
1108 874 1294 912 omnibus
1310 873 1581 912 nuntiantibus

255 953 279 978 a
308 948 346 978 te
375 948 559 990 exspecto
593 941 730 977 futura.
790 940 956 980 (Μάντις
990 940 1020 978 δ’
1051 940 1277 989 ἄριστος-3
1336 936 1583 987 Loquacitati

256 1004 445 1054 ignosces,
469 1017 570 1053 quae
590 1011 628 1042 et
649 1017 712 1042 me
731 1005 833 1042 levat
852 1005 902 1042 ad
924 1012 961 1042 te
981 1004 1142 1053 quidem
1163 1003 1398 1041 scribentem
1420 1010 1458 1040 et
1478 1001 1583 1040 elicit

256 1077 341 1106 tuas
380 1068 535 1107 litteras.
593 1067 788 1118 Aenigma
823 1067 1060 1121 [Oppiorum
1094 1082 1141 1106 ex
1178 1066 1307 1119 Velia]
1347 1068 1462 1117 plane
1500 1079 1580 1105 non
1600 1072 1624 1110 5

199 1149 236 1181 15
255 1132 428 1171 intellexi
443 1147 453 1181 3
483 1140 541 1171 est
562 1132 668 1171 enim
689 1146 853 1171 numero
875 1132 1049 1171 Platonis
1070 1131 1285 1170 obscurius.

299 1231 416 1266 XIII
431 1243 455 1266 a
541 1233 611 1266 Scr.
631 1233 818 1264 Menturnis
834 1234 891 1265 viii
903 1234 946 1265 K.
967 1235 1058 1266 Febr.
1078 1245 1108 1266 a.
1131 1244 1185 1274 705
1205 1233 1290 1274 (49).

659 1311 830 1343 CICERO
852 1312 1033 1344 ATTICO
1057 1311 1163 1343 SAL.

312 1392 396 1428 Iam
418 1389 591 1429 intellexi
606 1397 717 1428 tuum
733 1405 743 1438 3
772 1389 925 1440 Oppios
945 1389 1051 1429 enim
1073 1391 1123 1428 de
1139 1389 1252 1428 Velia
1267 1403 1454 1429 saccones
1470 1390 1577 1430 dicis.
1600 1401 1618 1429 1

257 1456 305 1493 In
335 1468 383 1493 eo
412 1454 584 1493 aestuavi
614 1454 692 1493 diu.
752 1456 845 1503 Quo
873 1462 1009 1504 aperto
1037 1454 1186 1504 reliqua
1212 1455 1399 1504 patebant
1425 1463 1463 1493 et
1490 1469 1581 1494 cum

198 1538 237 1560 20
256 1519 464 1559 Terentiae
497 1533 653 1557 summa
689 1520 969 1569 congruebant.
1031 1521 1074 1557 L.
1110 1520 1318 1559 Caesarem
1358 1520 1437 1558 vidi
1470 1522 1626 1559 Men—2

253 1585 378 1623 turnis
408 1598 439 1623 a.
463 1585 500 1622 d.
525 1596 598 1622 V111
629 1586 716 1622 Kal.
747 1585 858 1623 Febr.
891 1598 1007 1623 mane
1036 1598 1128 1622 cum
1156 1584 1446 1623 absurdissimis
1476 1599 1584 1623 man-

254 1648 366 1696 datis,
393 1662 473 1687 non
505 1649 707 1687 hominem
735 1650 805 1687 sed
831 1662 970 1698 scopas
998 1650 1154 1694 solutas,
1181 1656 1224 1686 ut
1253 1648 1293 1687 id
1324 1648 1452 1699 ipsum
1488 1649 1583 1688 mihi

254 1713 318 1752 ille
338 1713 514 1752 videatur
540 1713 737 1751 inridendi
758 1727 876 1751 causa
901 1713 1039 1752 fecisse
1060 1713 1127 1763 qui
1148 1713 1264 1751 tantis
1285 1715 1334 1752 de
1355 1714 1470 1752 rebus
1491 1715 1582 1753 huic

256 1779 443 1816 mandata
468 1777 621 1816 dederit
635 1792 645 1825 5
674 1776 748 1814 nisi
775 1778 873 1815 forte
902 1791 982 1816 non
1011 1777 1121 1816 dedit
1150 1785 1189 1816 et
1218 1777 1281 1816 hic
1309 1791 1489 1817 sermone
1517 1779 1582 1817 ali—

197 1860 212 1882 2
219 1859 235 1891 5
257 1855 337 1891 quo
356 1849 509 1891 arrepto
529 1855 599 1891 pro
620 1841 813 1879 mandatis
833 1842 979 1880 abusus
1001 1849 1069 1880 est.

312 1905 521 1951 Labienus,
561 1905 618 1943 vir
662 1919 749 1944 mea
793 1906 987 1944 sententia
1034 1920 1208 1956 magnus,
1250 1908 1430 1945 Teanum
1475 1907 1581 1946 venit
1601 1918 1625 1955 3

254 1983 287 2008 a.
311 1971 347 2008 d.
372 1982 462 2007 vl111
486 1970 573 2007 Kal.
634 1969 695 2007 Ibi
719 1970 952 2019 Pompeium
973 1972 1235 2021 consulesque
1255 1971 1450 2010 convenit.
1502 1972 1581 2020 Qui

255 2047 384 2073 sermo
413 2033 527 2072 fuerit
556 2040 594 2072 et
621 2033 717 2083 quid
743 2041 875 2072 actum
900 2034 948 2072 sit
975 2034 1141 2073 scribam
1169 2036 1221 2073 ad
1248 2044 1286 2074 te
1315 2049 1404 2074 cum
1433 2044 1582 2074 certum

300 2138 322 2166 6
341 2141 453 2167 vester
465 2135 550 2165 Reid
563 2135 710 2174 idemque
725 2136 799 2175 legit
814 2136 860 2166 ad
868 2136 953 2167 Plzil.
968 2136 1008 2167 iv.
1025 2147 1051 2173 1,
1064 2148 1094 2168 v.
1107 2148 1126 2167 2
1220 2148 1256 2177 14
1280 2138 1425 2177 litteras]
1439 2142 1512 2178 post
1527 2139 1584 2170 hoc

256 2180 389 2210 verbmn
408 2190 532 2209 novam
545 2179 718 2218 epistulam
733 2180 867 2219 incipere
877 2180 1008 2219 putavit
1022 2180 1188 2211 Corradus
1301 2192 1349 2220 14,
1367 2192 1402 2221 15
1415 2177 1583 2221 Aenigma

258 2247 266 2254 .
281 2247 288 2254 .
303 2248 310 2254 .
327 2222 519 2262 obscurius]
543 2221 623 2253 Huc
644 2222 684 2252 ab
705 2223 857 2262 epistulae
878 2222 935 2252 xiii
958 2233 986 2253 a.
1007 2224 1096 2253 initio
1117 2225 1282 2254 transtulit
1299 2225 1337 2255 O.
1354 2225 1394 2255 E.
1411 2224 1582 2256 Schmidt:

259 2266 449 2305 Oppiorum
482 2276 525 2296 ex
554 2266 652 2296 Velia
682 2265 748 2296 secl.
777 2265 908 2296 Scln’itz.
964 2266 1055 2296 Ante
1088 2267 1187 2305 plane
1217 2266 1293 2298 add.
1327 2268 1436 2307 primo
1466 2268 1587 2307 Tyrrell

257 2310 376 2349 plane]
395 2319 505 2348 paene
532 2308 715 2339 Gronovius
848 2318 884 2347 15
910 2310 1059 2339 numeris
1086 2309 1268 2341 Gronovius
1410 2311 1447 2340 18
1472 2311 1580 2352 tuum]

258 2358 372 2383 tamen
396 2352 540 2383 Sclzz'c'lz:
574 2356 680 2382 totum
704 2352 782 2382 com'.
805 2350 925 2383 Orelli:
950 2353 1030 2390 fort.
1061 2352 1192 2393 αἴνιγμα
1216 2358 1310 2385 tuum
1419 2364 1583 2386 succones

259 2396 382 2426 Rosius
514 2404 552 2434 19
576 2395 726 2425 aestuavi
745 2393 866 2426 Lamb.
883 2406 889 2425 :
915 2401 989 2426 estu
1007 2401 1063 2426 aut
1082 2396 1123 2426 M

1438 2441 1496 2471 15*
