1817 2832
156 118 249 156 VII.
269 119 330 156 vii
637 120 702 157 My
725 120 893 156 TVLLI
925 119 1232 158 CICERONIS

274 236 407 268 menta
428 229 482 268 sic
503 242 576 279 ego
597 229 726 267 bonos
746 229 848 267 viros
868 237 935 268 aut
956 243 1024 268 eos
1045 229 1286 281 quicumque
1307 230 1486 270 dicentur
1506 229 1604 269 boni

273 307 426 344 sequar,
450 293 566 332 etiam
589 293 620 331 si
641 301 763 332 ruent.
825 294 934 343 Quid
964 294 1013 332 sit
1042 294 1237 344 optimum
1264 296 1365 333 male
1393 295 1603 333 contractis

273 359 389 397 rebus
419 360 535 408 plane
555 358 682 397 video.
743 358 906 397 Nemini
935 366 993 397 est
1023 358 1129 397 enim
1159 361 1403 410 exploratum
1435 373 1526 398 cum
1553 360 1605 398 ad

272 437 381 462 arma
400 431 562 462 ventum
590 423 638 462 sit
659 423 755 473 quid
776 425 950 462 futurum
978 423 1037 471 sit,
1060 432 1099 462 at
1119 424 1216 462 illud
1237 424 1434 472 omnibus,
1458 424 1489 462 si
1510 424 1606 462 boni

273 487 365 526 victi
395 487 481 535 sint,
506 502 580 527 nec
610 487 650 526 in
677 489 799 526 caede
820 488 1042 538 principum
1073 488 1369 527 clementiorem
1396 490 1503 526 hunc
1524 490 1606 527 fore
1626 500 1643 532 5

273 566 391 603 quam
415 552 544 593 Cinna
563 552 678 591 fuerit
698 567 772 592 nec
792 553 1095 592 moderatiorem
1109 568 1228 604 quam
1246 556 1353 592 Sulla
1372 553 1411 592 in
1428 553 1605 603 pecuniis

274 620 528 668 locupletum.
592 618 911 670 Ἐμπολιτεύομαί
945 638 1008 658 σοι
1052 619 1129 657 iam
1168 621 1321 658 dudum
1360 627 1398 658 et
1437 621 1606 657 facerem

274 683 432 730 diutius,
473 683 548 722 nisi
587 697 650 722 me
688 686 848 723 lucerna
885 686 1090 723 desereret.
1150 685 1215 723 Ad
1254 697 1450 722 summam
1487 686 1604 732 ‘D1C‚

276 749 333 788 M.
356 750 516 788 TVLL1.'
572 749 787 788 Adsentior
808 751 880 789 Cn.
906 749 1109 800 Pompeio,
1132 749 1172 788 id
1193 757 1251 787 est
1271 751 1317 786 T.
1342 748 1576 799 Pomponio.

327 814 494 861 Alexim,
536 815 866 853 humanissimum
912 829 1091 865 puerum,
1129 814 1204 853 nisi
1252 815 1350 853 forte
1392 815 1489 852 dum
1533 827 1606 864 ego
1627 825 1666 851 10

271 880 414 918 absum
453 882 686 919 adulescens
724 882 850 920 factus
884 888 942 919 est
982 880 1039 931 (id
1077 880 1184 919 enim
1221 894 1336 930 agere
1368 879 1604 931 videbatur),

274 947 421 985 salvere
442 945 578 984 iubeas
598 946 726 985 velim.

328 1064 446 1100 VIII
503 1067 574 1099 Scr.
595 1067 629 1098 in
646 1068 825 1099 Formiano
841 1068 948 1099 vz'aztt
962 1079 982 1099 v
998 1068 1039 1099 K.
1061 1067 1134 1100 Ian.
1155 1078 1186 1100 α.
1208 1077 1268 1108 704
1288 1067 1370 1108 (50).

690 1156 866 1188 CICERO
899 1156 1070 1188 ATTICO
1103 1156 1199 1187 SAL.

241 1258 261 1287 1
333 1244 441 1294 Quid
471 1258 570 1295 opus
599 1252 658 1284 est
687 1246 737 1283 de
768 1244 961 1294 Dionysio
994 1252 1075 1282 tam
1105 1245 1220 1283 valde
1250 1244 1486 1282 adfirmare?
1542 1245 1606 1282 An
1627 1257 1665 1289 15

276 1309 373 1348 mihi
395 1317 512 1348 nutus
534 1318 623 1348 tuus
645 1323 725 1348 non
747 1311 889 1347 faceret
910 1310 1059 1347 fidem?
1117 1308 1389 1358 Suspicionem
1411 1316 1542 1346 autem
1559 1321 1607 1346 eo

275 1374 371 1413 mihi
404 1374 591 1413 maiorem
619 1382 686 1412 tua
715 1373 956 1412 taciturnitas
989 1375 1192 1420 adtulerat,
1220 1374 1329 1422 quod
1359 1380 1397 1410 et
1429 1380 1470 1410 tu
1505 1374 1607 1410 soles

275 1440 544 1490 conglutinare
573 1439 765 1477 amicitias
795 1438 1030 1477 testimoniis
1060 1438 1135 1476 tuis
1169 1446 1208 1477 et
1237 1438 1347 1476 illurn
1377 1438 1486 1476 aliter
1515 1450 1606 1476 curn

273 1505 358 1544 aliis
383 1507 433 1544 de
460 1505 575 1544 nobis
602 1507 778 1544 locutum
805 1505 1027 1543 audiebam.
1087 1505 1166 1543 Sed
1192 1517 1349 1555 prorsus
1374 1503 1426 1541 ita
1453 1516 1538 1541 esse
1565 1510 1608 1540 ut

275 1570 410 1608 scribis
440 1570 536 1608 mihi
566 1571 788 1620 persuades.
851 1571 991 1619 Itaque
1020 1582 1093 1619 ego
1122 1568 1154 1607 is
1174 1568 1215 1606 in
1241 1568 1351 1606 illum
1373 1581 1459 1606 sum
1487 1580 1606 1617 quem
1627 1581 1667 1603 20

275 1642 316 1673 tu
338 1648 400 1672 me
421 1648 505 1672 esse
526 1634 592 1672 vis.

230 1711 256 1740 2
331 1699 448 1737 Diem
479 1706 589 1736 tuum
620 1712 692 1748 ego
722 1712 882 1748 quoque
912 1712 958 1736 ex
987 1697 1154 1748 epistula
1183 1698 1354 1747 quadam
1389 1704 1455 1734 tua
1487 1710 1605 1746 quam

276 1763 488 1813 incipiente
518 1763 705 1801 febricula
735 1763 941 1813 scripseras
981 1762 1078 1800 mibi
1108 1770 1335 1801 notaveram
1365 1770 1403 1799 et
1432 1762 1607 1801 animad-

275 1835 463 1866 verteram
494 1842 609 1878 posse
639 1841 709 1878 pro
739 1842 779 1866 re
808 1835 898 1865 nata
927 1835 965 1866 te
995 1841 1076 1866 non
1108 1827 1363 1865 incommode
1392 1828 1443 1864 ad
1473 1841 1535 1865 me
1565 1827 1606 1865 in

274 1894 475 1931 Albanum
509 1893 640 1931 venire
673 1905 717 1930 111
752 1895 890 1931 Nonas
922 1894 1074 1930 Ianuar.
1135 1893 1223 1939 Sed,
1256 1892 1400 1929 amabo
1430 1898 1478 1938 te,
1509 1892 1606 1930 nihil
1629 1906 1664 1938 25

273 1958 530 1997 incommodo
551 1957 786 1997 valetudinis
815 1957 961 1996 feceris.
1022 1956 1131 2006 Quid
1161 1956 1266 1995 enim
1297 1964 1355 1995 est
1386 1963 1538 1994 tantum
1566 1957 1606 1995 in

275 2037 355 2062 uno
375 2031 441 2061 aut
461 2025 583 2062 altero
604 2023 697 2062 die?

231 2103 256 2140 3
331 2089 580 2127 Dolabellam
619 2088 735 2127 video
776 2088 908 2126 Liviae
947 2095 1185 2127 testamento
1224 2101 1315 2126 cum
1349 2087 1505 2126 duobus
1545 2101 1607 2126 co-

275 2153 485 2192 heredibus
515 2167 600 2192 esse
629 2153 668 2191 in
699 2153 837 2192 triente
867 2155 936 2192 sed
968 2153 1093 2192 iuberi
1123 2161 1273 2191 mutare
1302 2166 1460 2191 nomen.
1536 2154 1606 2191 Est

316 2270 334 2296 4
359 2259 401 2289 sit
429 2257 639 2297 Wesenbctg:
664 2262 716 2288 est
739 2257 827 2289 codd.
998 2268 1017 2296 5
1042 2259 1108 2289 sint
1133 2258 1255 2289 Rom:
1281 2262 1360 2288 sunt
1385 2256 1427 2286 Μ
1587 2268 1604 2296 7

272 2301 476 2341 locupletum
503 2301 565 2340 M¹,
593 2302 629 2338 [ᾖ
658 2301 746 2331 Neue
772 2301 1032 2331 ‘Formenlehre'
1061 2302 1105 2333 ii3.
1130 2307 1163 2342 p.
1195 2311 1275 2339 131:
1303 2300 1521 2340 locupletium
1547 2300 1604 2329 M‘-’

271 2346 357 2384 vulg.
452 2345 539 2383 Ἐμπ.
563 2345 603 2374 Μ
621 2344 671 2376 lV.
689 2345 880 2375 Heacllam:
906 2349 1001 2381 Συμπ.
1023 2345 1180 2375 Bt‘t'clzelcr
1296 2355 1332 2384 15
1359 2344 1427 2384 est]
1447 2344 1508 2374 suit
1524 2344 1601 2375 coni.

275 2388 483 2429 llbsenbmg:
508 2394 579 2419 crat
595 2388 726 2419 Ernfsti
859 2389 897 2419 18
922 2389 1129 2419 testimoniis
1151 2399 1218 2420 om.
1238 2387 1293 2418 llll
