1790 2837
576 122 689 159 EPP.
720 122 798 159 AD
828 122 1088 160 ATTICVM
1417 144 1420 148 Δ
1471 121 1501 159 Ι.
1524 121 1605 157 xvi

171 235 339 272 sulatum
360 233 469 271 illum
490 240 678 280 nostrum,
695 247 813 283 quem
828 232 947 272 Curio
963 240 1078 271 antea
1098 233 1305 272 ἀποθέωσιν
1319 232 1495 278 vocabat,

171 297 201 335 si
223 298 286 336 hic
307 300 431 336 factus
452 297 533 345 erit,
557 299 687 336 fabam
710 298 874 335 mimum
901 299 1104 336 futurum?
1162 300 1252 347 Qua
1278 311 1328 344 re,
1352 305 1393 335 ut
1418 296 1525 353 opi-2,

170 376 254 410 nor,
275 364 569 413 φιλοσοφητέον,
591 362 632 401 id
653 364 761 413 quod
781 370 823 401 tu
849 362 954 410 facis,
978 370 1016 401 ct
1042 362 1136 401 istos
1164 364 1389 401 consulatus
1415 376 1497 401 non
1516 362 1522 377 ⁵

170 426 284 465 flocci
304 428 471 466 facteon.

132 503 149 534 5
224 492 346 540 Quod
365 493 416 530 ad
437 505 501 530 me
521 492 657 531 scribis
674 499 711 530 te
727 491 767 530 in
780 491 916 530 Asiam
933 491 1113 530 statuisse
1129 505 1210 530 non
1226 491 1289 538 ire,
1310 491 1493 541 equidem
1514 505 1558 541 14

169 556 327 594 mallem
348 564 390 593 ut
411 556 495 604 ires,
513 570 559 595 ac
579 570 714 599 vereor
733 570 783 594 ne
803 556 899 606 quid
921 555 960 593 in
981 555 1054 594 ista
1073 569 1113 594 re
1134 555 1263 593 minus
1284 557 1496 594 commode

169 619 235 656 fiat
249 634 259 667 3
290 622 358 658 sed
380 628 512 659 tamen
532 634 613 659 non
634 634 797 671 possum
825 621 1111 669 reprehendere
1138 620 1345 658 consilium
1371 627 1493 667 tuum,

168 686 394 736 praesertim
416 700 506 724 cum
528 695 685 736 egomet
704 686 745 724 in
765 685 1008 736 provinciam
1029 700 1110 724 non
1131 685 1204 723 sim
1225 687 1434 736 profectus.

225 750 527 800 Epigrammatis
559 751 634 789 tuis
666 765 767 801 quae
800 750 840 788 in
876 752 1088 789 Amaltheo
1122 750 1286 801 posuisti
1321 750 1497 788 contenti
1518 760 1561 799 15

110 828 149 850 10
170 814 323 861 erimus,
342 816 568 865 praesertim
590 830 681 854 cum
702 823 740 854 et
760 815 939 865 Thyillus
961 829 1033 854 nos
1055 815 1253 865 reliquerit
1274 823 1311 853 et
1331 815 1496 853 Archias

167 879 264 917 nihil
296 881 346 918 de
378 895 441 919 me
481 880 685 931 scripserit.
745 882 805 918 Ac
836 894 971 918 vereor
1003 893 1063 926 ne,
1099 879 1273 918 Lucullis
1308 880 1495 929 quoniam

168 943 363 982 Graecum
395 958 538 994 poema
572 945 762 991 condidit,
796 959 902 983 nunc
935 946 987 983 ad
1021 945 1287 984 Caecilianam
1322 945 1494 983 fabulam

167 1016 326 1058 spectet.
386 1010 563 1048 Antonio
584 1018 652 1048 tuo
673 1010 835 1048 nomine
855 1010 994 1059 gratias
1016 1010 1075 1060 egi
1097 1024 1263 1059 eamque
1284 1010 1491 1059 epistulam
1512 1013 1559 1050 16

167 1073 305 1112 Mallio
339 1074 443 1112 dedi.
503 1076 569 1113 Ad
602 1082 640 1113 te
671 1075 762 1113 ideo
795 1083 912 1113 antea
945 1074 1065 1112 rarius
1100 1074 1234 1124 scripsi
1269 1075 1377 1123 quod
1411 1088 1491 1112 non

108 1150 145 1180 15
165 1138 362 1176 habebam
384 1138 573 1177 idoneum
594 1139 658 1177 cui
679 1140 823 1184 darem,
843 1153 917 1177 nec
938 1138 1028 1176 satis
1050 1138 1221 1176 sciebam
1245 1152 1323 1187 quo
1344 1140 1488 1176 darem.

166 1203 292 1241 Valde
312 1210 350 1241 te
371 1203 579 1241 venditavi.
641 1203 802 1242 Cincius
825 1203 856 1241 si
879 1203 974 1252 quid
995 1205 1045 1241 ad
1067 1216 1129 1240 me
1150 1203 1205 1240 tui
1233 1202 1363 1252 negoti
1384 1203 1493 1240 detu-
1511 1212 1553 1251 17

165 1267 260 1315 lerit‚
288 1267 523 1317 suscipiam3
554 1269 623 1306 sed
651 1282 756 1306 nunc
785 1267 908 1318 magis
935 1267 974 1305 in
1002 1281 1073 1305 suo
1098 1274 1155 1305 est
1184 1274 1423 1316 occupatus3
1451 1266 1491 1304 in

165 1345 244 1381 quo
276 1346 349 1381 ego
380 1332 416 1370 ei
454 1346 534 1371 non
567 1334 717 1371 desum.
788 1334 851 1370 Tu
885 1332 916 1370 si
947 1345 1028 1370 uno
1062 1332 1102 1369 in
1136 1333 1224 1369 loco
1256 1345 1296 1369 es
1328 1333 1489 1378 futurus,

164 1398 319 1435 crebras
340 1411 362 1435 a
383 1397 497 1435 nobis
519 1397 663 1436 litteras
691 1405 896 1447 exspecta3
919 1399 986 1435 sed
1010 1397 1127 1446 pluris
1155 1396 1271 1434 etiam
1299 1395 1381 1445 ipse
1408 1396 1492 1433 mit-

106 1477 143 1498 20
165 1461 245 1500 tito.
306 1462 437 1500 Velim
458 1463 508 1500 ad
530 1476 593 1500 me
615 1462 759 1501 scribas
781 1462 891 1500 cuius
913 1461 1021 1500 modi
1047 1461 1093 1499 sit
1115 1461 1339 1510 Ἀμαλθεῖον
1365 1468 1488 1507 tuum,
1510 1461 1553 1497 18

163 1540 242 1576 quo
264 1534 415 1573 ornatu,
439 1541 516 1577 qua
543 1528 755 1578 τοποθεσίᾳ,
778 1534 816 1565 et
837 1540 937 1576 quae
963 1534 1145 1577 poemata
1172 1539 1346 1575 quasque
1374 1525 1491 1563 histo-

162 1591 236 1630 rias
257 1593 307 1630 de
329 1594 536 1643 Ἀμαλθείᾳ
557 1593 678 1631 habes
700 1594 750 1630 ad
772 1606 835 1630 me
858 1592 997 1629 mittas
1050 1591 1164 1629 Libet
1187 1590 1282 1627 mihi
1303 1592 1429 1628 facere
1451 1589 1489 1627 in

161 1656 352 1706 Arpinati.
404 1659 490 1707 Ego
518 1657 589 1696 tibi
617 1657 765 1708 aliquid
789 1658 839 1695 de
861 1656 957 1694 meis
985 1655 1136 1705 scriptis
1162 1655 1324 1693 mittam.
1380 1654 1490 1692 Nihil

161 1728 241 1759 erat
261 1721 442 1760 absoluti.

204 1835 223 1854 2
247 1824 355 1855 fabam
388 1826 523 1856 mimum
551 1825 589 1856 ΖΙ
618 1825 732 1856 codices
754 1825 838 1856 Bosz'
861 1824 1000 1856 EA‘OQ:
1036 1824 1143 1854 fabam
1175 1823 1347 1863 minimum
1376 1823 1417 1852 M
1440 1824 1487 1864 (in

150 1869 287 1907 punctis
318 1870 509 1903 uolatuml:
534 1869 641 1900 sabam
674 1879 844 1899 nummum
880 1870 943 1908 (vel
970 1871 1121 1905 numum)
1147 1867 1233 1897 codd.
1256 1868 1331 1897 alsi:
1365 1867 1487 1897 Fabam

159 1911 209 1941 vel
225 1911 359 1942 Famam
379 1913 430 1953 (cf.
448 1913 554 1943 Sencc⁴
574 1913 662 1944 Lud.
681 1913 714 1952 93
734 1914 869 1942 mimum
890 1912 1008 1942 Orelli:
1034 1911 1120 1941 fama
1141 1912 1277 1940 mimum
1299 1910 1374 1940 Otlo
1391 1915 1414 1949 (j
1428 1911 1489 1941 Die

159 1953 392 1994 Sprz'clzwo'rler
405 1955 462 1986 der
475 1956 661 1996 Ro'mer’p.
680 1957 758 1994 223)
775 1968 781 1986 :
807 1956 949 1985 fabulam
970 1954 1139 1995 [mimum]
1157 1955 1239 1984 coni.
1263 1954 1384 1993 Tyrrell
1399 1957 1487 1993 <tum

159 1998 330 2037 legendnm
348 2003 394 2029 cst
407 1999 566 2037 suturam)
584 2012 591 2030 t
625 2000 720 2029 sabae
748 1999 850 2029 hilum
877 1999 1053 2036 Hosmann
1071 2009 1077 2028 ι
1110 1997 1204 2027 fabae
1223 1998 1343 2027 midam
1361 1997 1487 2027 Brooks

160 2041 227 2072 coll.
249 2041 410 2072 Gronow‘o
427 2043 473 2073 ad
485 2042 595 2073 Plaut.
610 2043 693 2073 Aul.
712 2053 743 2073 v.
766 2052 790 2072 1.
815 2053 853 2072 10
873 2043 962 2081 98185
981 2053 987 2071 :
1012 2042 1138 2071 fatuum
1155 2042 1289 2070 mimum
1314 2040 1486 2070 Schmidt:

161 2084 172 2113 1
190 2084 282 2114 aberi
301 2086 437 2116 mimum
453 2087 532 2116 coni.
552 2086 637 2116 Reid
774 2097 795 2124 9
818 2096 903 2124 quae
922 2083 991 2114 M2's
1006 2097 1012 2115 :
1035 2086 1091 2123 qui
1108 2086 1195 2114 ceteri
1209 2084 1296 2114 codd.
1447 2093 1486 2113 10

160 2132 193 2156 et
219 2127 363 2158 Archias
389 2153 396 2160 .
423 2153 430 2160 .
458 2153 465 2159 .
494 2130 669 2169 scripserit
696 2139 760 2160 om.
792 2129 842 2158 ,Μι
1043 2137 1080 2166 15
1105 2138 1170 2166 quo
1203 2127 1360 2156 Vrsinus:
1384 2127 1484 2165 quod,

159 2171 250 2207 quid.
279 2172 357 2209 quoi
386 2172 444 2209 (ita
473 2172 539 2210 M),
567 2173 618 2203 cui
645 2172 731 2202 codd.
870 2172 908 2201 16
930 2171 1037 2201 Valde
1069 2171 1111 2201 0²
1135 2171 1223 2209 vulg.
1243 2182 1249 2200 2
1272 2170 1346 2200 vale
1371 2169 1482 2200 codd:

158 2213 294 2243 Valerio
315 2218 367 2252 (sc.
384 2213 556 2245 Messallae
571 2216 706 2255 consuli)
725 2215 876 2246 Schmidt
974 2224 1012 2253 19
1036 2220 1218 2252 exspecta:
1244 2214 1303 2243 sed
1322 2211 1456 2251 Madm'g
1476 2223 1483 2242 :

159 2262 321 2294 exspecta
349 2262 400 2287 ast
427 2257 515 2288 codd.
544 2258 601 2288 sed
623 2264 674 2289 ast
701 2258 792 2298 apud
816 2258 875 2288 Cz‘c.
907 2258 1000 2287 valde
1026 2256 1164 2286 dubi-'mn
1191 2260 1243 2295 est,
1274 2256 1309 2295 cf.
1337 2255 1422 2286 Reid
1449 2256 1483 2286 in

162 2302 169 2316 ⁶
183 2299 339 2331 Classical
351 2299 495 2331 Rcvt‘ew'
512 2302 583 2332 xiii.
605 2302 716 2343 (1899)
734 2311 793 2339 311
810 2312 816 2333 :
843 2305 1043 2340 exspectato
1061 2300 1212 2330 Muretus
