1817 2832
112 129 183 169 IV.
202 129 295 166 xvii
598 130 654 166 M.
685 129 856 166 TVLLI
888 128 1194 168 CICERONIS

235 241 396 280 Abdera
414 254 496 279 non
523 247 678 279 tacente
698 253 772 279 rne.
834 239 954 279 Dices
977 243 986 260 ‘
999 242 1153 280 Tamen
1174 249 1216 280 tu
1235 255 1317 281 non
1344 241 1564 293 quiescis?'

237 306 414 355 Ignosce,
438 305 500 342 vix
523 318 696 354 possum.
755 306 904 344 Verum
935 312 1068 344 tamen
1094 306 1190 355 quid
1217 314 1297 345 tarn
1324 307 1565 345 ridiculum?

236 371 402 408 Senatus
431 370 656 407 decreverat
685 383 736 408 ne
765 369 871 420 prius
900 370 1061 408 comitia
1089 371 1327 409 haberentur
1356 385 1475 421 quarn
1504 373 1565 410 lex

234 435 311 472 lata
355 441 482 481 esset,
529 434 560 472 si
603 434 671 484 qui
714 434 1005 482 intercessisset,
1047 449 1107 474 res
1154 435 1304 485 integra
1349 438 1561 475 referretur.

236 499 390 548 Coepta
409 497 496 536 ferri
516 499 661 545 leviter,
682 499 937 538 intercessum
959 513 1040 538 non
1061 499 1202 547 invitis,
1221 514 1280 539 res
1300 502 1351 539 ad
1372 510 1562 540 senatum.
1586 518 1602 548 5

236 565 298 602 De
329 576 376 602 ea
408 577 450 602 re
483 563 537 602 ita
573 572 811 603 censuerunt
844 564 1004 603 comitia
1036 565 1164 616 primo
1196 579 1356 616 quoque
1389 574 1566 617 tempore

234 628 370 667 haberi
396 642 482 667 esse
508 642 530 667 e
554 642 594 668 re
619 629 788 680 publica.

1 688 100 739 (XVL
129 689 169 739 7)
188 698 214 735 4
289 694 457 732 Scaurus
492 694 559 744 qui
586 702 666 733 erat
693 694 829 745 paucis
858 695 999 735 diebus
1026 696 1101 735 illis
1129 697 1344 744 absolutus,
1372 711 1464 736 cum
1492 711 1566 749 ego

234 763 435 809 †patrem†
474 760 556 799 eius
597 760 844 800 ornatissime
881 762 1159 809 defendissem,
1197 763 1566 802 obnuntiationibus

234 838 303 875 per
323 825 552 864 Scaevolam
573 825 812 876 interpositis
836 826 997 877 singulis
1018 827 1158 866 diebus
1179 841 1305 878 usque
1324 829 1375 867 ad
1395 842 1449 879 pr.
1474 829 1562 866 Kal.
1588 845 1627 866 10

236 889 412 936 Octobr„
436 904 515 940 quo
542 904 615 941 ego
642 892 740 930 haec
767 890 831 930 die
858 892 1005 942 scripsi,
1028 893 1190 931 sublatis
1217 895 1366 943 populo
1390 893 1566 932 tributim

235 954 346 993 domi
373 968 467 993 suae
493 955 584 993 satis
613 957 766 994 fecerat.
826 957 904 995 Sed
926 965 1059 996 tamen
1084 958 1156 996 etsi
1181 958 1337 996 uberior
1356 958 1566 996 liberalitas

235 1019 362 1066 huius,
385 1019 528 1070 gratior
547 1034 633 1059 esse
652 1020 859 1060 videbatur
885 1036 1021 1061 eorum
1043 1023 1110 1073 qui
1132 1030 1380 1074 occuparant.
1441 1024 1568 1072 Cupe-

236 1098 316 1123 rem
342 1086 493 1123 vultum
517 1085 650 1124 videre
676 1094 788 1124 tuum
815 1100 905 1125 cum
936 1089 1034 1126 haec
1063 1089 1209 1138 legeres
1224 1103 1234 1136 3
1268 1102 1360 1126 nam
1389 1089 1567 1138 profecto

235 1163 346 1201 spem
381 1151 502 1189 habes
541 1153 690 1189 nullam
729 1153 826 1190 haec
864 1153 1022 1203 negotia
1055 1155 1265 1191 multarum
1299 1153 1566 1191 nundinarum
1588 1166 1626 1199 15

235 1217 327 1254 fore.
388 1217 465 1255 Sed
501 1224 659 1255 senatus
692 1217 814 1256 hodie
843 1219 968 1256 fuerat
997 1220 1158 1266 futurus,
1182 1218 1223 1257 id
1247 1226 1305 1257 est
1332 1220 1419 1256 Kal.
1450 1219 1568 1257 Octo-

234 1281 394 1329 bribus,
425 1281 502 1320 iam
529 1281 636 1320 enirn
664 1282 827 1321 luciscit.
889 1283 951 1322 Ibi
975 1285 1157 1334 loquetur
1176 1291 1328 1334 praeter
1343 1283 1509 1321 Antium
1529 1290 1568 1321 et

236 1346 457 1385 Favonium
482 1347 605 1386 libere
630 1361 775 1396 nemo,
804 1362 896 1386 nam
919 1350 1020 1388 Cato
1046 1356 1229 1400 aegrotat.
1291 1351 1353 1387 De
1380 1362 1444 1388 me
1470 1348 1568 1387 nihil

235 1411 420 1459 timueris,
445 1413 514 1450 sed
536 1419 668 1451 tamen
689 1413 878 1463 promitto
897 1413 1005 1452 nihil.

0 1470 216 1521 (XV1.8)5
290 1477 399 1526 Quid
433 1477 588 1527 quaeris
625 1478 763 1517 aliud?
810 1479 976 1527 Iudicia,
1008 1480 1136 1518 credo.
1202 1482 1365 1527 Drusus,
1400 1481 1568 1519 Scaurus
1590 1494 1629 1516 20

235 1556 317 1581 non
346 1542 485 1581 fecisse
511 1543 704 1581 videntur.
763 1545 861 1582 Tres
893 1544 1094 1583 candidati
1121 1546 1204 1584 fore
1232 1545 1285 1584 rei
1315 1545 1564 1595 putabantur,

236 1607 438 1646 Domitius
457 1621 479 1645 a
501 1608 709 1656 Memmio,
728 1610 916 1647 Messalla
935 1623 958 1647 a
979 1610 1027 1657 Q.
1047 1609 1239 1659 Pompeio
1262 1611 1382 1655 Ruso,
1400 1611 1567 1648 Scaurus

234 1685 258 1710 a
277 1672 430 1710 Triario
459 1679 526 1710 aut
559 1686 583 1711 a
614 1674 656 1711 L.
690 1674 868 1712 Caesare.
932 1674 1063 1722 ‘Quid
1092 1674 1259 1724 poteris'
1288 1674 1441 1724 inquies
1474 1678 1566 1724 ‘pro

234 1737 280 1776 iis
304 1737 484 1776 dicere?'
533 1739 596 1776 Ne
615 1738 743 1776 vivam
766 1740 804 1776 si
824 1738 929 1787 scio;
958 1739 998 1777 in
1023 1738 1097 1777 illis
1124 1739 1285 1789 quidem
1310 1739 1433 1778 tribus
1456 1739 1564 1778 libris

234 1815 334 1853 quos
355 1810 397 1841 tu
417 1802 597 1841 dilaudas
618 1803 715 1841 nihil
736 1804 896 1854 reperio.
1586 1820 1625 1853 25

0 1879 72 1906 (Vt.
103 1866 167 1919 13)
188 1868 216 1906 6
290 1868 498 1918 Cognosce
522 1875 660 1907 cetera.
722 1870 782 1907 Ex
802 1868 925 1907 fratris
947 1869 1081 1908 litteris
1102 1869 1348 1909 incredibilia
1369 1872 1565 1921 quaedam

281 1983 298 2012 7
323 1983 400 2003 esse
417 1984 435 2003 e
453 1983 488 2003 re
508 1973 642 2012 publica
659 1972 779 2004 Iunius
794 1985 800 2004 :
825 1983 966 2005 censere
984 1973 1040 2005 M:
1067 1986 1143 2006 esse
1160 1986 1179 2006 e
1196 1987 1231 2006 re
1249 1975 1371 2005 Rosius
1545 1987 1567 2016 9

235 2015 379 2056 patrem]
392 2022 522 2055 partem
537 2017 631 2048 Man.
653 2028 660 2048 ε
683 2023 848 2056 patronus
860 2028 929 2048 rem
941 2017 1112 2048 Aleat‘zner
1215 2029 1252 2057 13
1278 2019 1356 2049 Post
1372 2019 1470 2050 huius
1486 2020 1562 2051 add.

235 2065 309 2091 erat
330 2060 518 2099 lVesczzlm'g
610 2071 646 2098 14
672 2061 766 2099 leges
781 2060 966 2092 Gronovius
1068 2072 1105 2101 15
1131 2073 1226 2101 spem
1240 2062 1361 2093 Lamb.
1383 2075 1390 2094 :
1416 2073 1485 2093 rem
1498 2062 1569 2093 MZ

235 2103 376 2144 nullam]
396 2114 463 2134 non
482 2103 605 2134 nullam
623 2103 710 2134 Boot
844 2106 882 2135 16
906 2105 1029 2144 suerat]
1049 2111 1120 2136 erat
1137 2107 1221 2136 Boot
1341 2117 1378 2145 17
1406 2107 1565 2138 Rantium

234 2147 391 2178 Bz'c'clleler
410 2147 475 2178 coll.
505 2147 539 2178 C.
560 2148 585 2177 l.
605 2147 642 2178 L.
664 2159 695 2178 x,
716 2148 802 2188 6797
960 2151 997 2179 18
1023 2150 1128 2180 libere
1155 2150 1282 2180 CNOP
1300 2152 1405 2181 Ant:
1429 2151 1512 2181 liber
1537 2156 1565 2181 Δ

234 2201 273 2221 21
300 2191 497 2221 videbantur
513 2191 645 2221 Ernesti
773 2202 814 2231 24
839 2192 866 2221 si
883 2191 957 2223 add.
978 2194 1066 2232 vulg.
1186 2204 1226 2232 25
1251 2205 1335 2233 quos
1360 2199 1393 2224 tu
1413 2194 1565 2225 dilaudas

238 2233 313 2265 Vict.
331 2235 369 2274 cs
387 2235 428 2264 vi.
447 2244 477 2273 3.
497 2245 539 2274 3:
564 2245 631 2274 quo
651 2235 762 2266 studio
783 2235 898 2265 laudas
914 2235 1000 2267 CM:
1023 2247 1109 2275 quos
1131 2239 1242 2268 studio
1263 2239 1379 2268 laudas
1397 2238 1482 2268 Reid
1497 2240 1562 2270 coll.

236 2277 329 2308 Rosc.
347 2278 429 2310 Am.
450 2288 489 2317 91
501 2279 566 2317 fin.
702 2278 794 2317 Quae
818 2283 1004 2318 seqmmlnr
1025 2291 1124 2320 usqae
1139 2281 1185 2311 ad
1199 2292 1362 2321 quaerere
1381 2284 1414 2323 (ξ
1435 2292 1450 2320 7
1468 2282 1488 2312 Ι.
1507 2282 1562 2321 22)

235 2321 414 2351 secumdum
439 2321 585 2352 ordinem
610 2321 921 2352 Mommsem'aumn
945 2327 1020 2362 pos!
1045 2326 1092 2354 16.
1117 2335 1133 2363 7
1162 2326 1337 2364 (respondi
1362 2326 1380 2356 l.
1403 2329 1435 2365 55
1457 2327 1564 2366 posita

236 2375 355 2395 necesse
385 2369 431 2395 cst
462 2365 615 2405 epislulae
640 2376 676 2404 17
710 2365 896 2406 adiungere,
931 2366 1021 2406 quod
1045 2368 1148 2397 Cicero
1175 2369 1296 2399 litteras
1322 2380 1342 2399 a
1369 2370 1504 2400 Caesare
1526 2380 1565 2399 ex

234 2407 412 2438 Britannia
435 2409 532 2438 datas
553 2413 627 2439 ante
641 2413 807 2440 exetmlem
833 2420 978 2440 mensem
1002 2410 1224 2451 Septembrem
1242 2412 1297 2454 (Q.
1317 2414 1372 2444 Fr.
1392 2413 1437 2444 iii.
1459 2423 1484 2443 1.
1507 2424 1559 2453 20,

236 2452 293 2491 25)
312 2451 421 2482 nullas
438 2456 594 2492 acceperat
