1790 2837
630 120 743 157 EPP.
775 121 854 157 AD
883 120 1144 159 ATTICVM
1517 122 1546 160 I.
1565 122 1642 158 xvi

211 238 363 278 vesunt,
393 243 524 281 neque
558 238 596 269 te
634 231 799 270 retinere
837 231 877 270 in
912 231 1068 270 civitate
1107 233 1176 271 sed
1215 232 1349 271 exsilio
1387 232 1536 283 privare

210 296 426 333 voluerunt.
487 297 619 344 Quam
641 297 693 334 ob
715 310 806 343 rem,
827 304 955 346 patres
976 296 1197 347 conscripti,
1215 297 1349 347 erigite
1368 298 1532 344 animos,

209 359 372 398 retinete
395 368 564 398 vestram
591 360 833 410 dignitatem.
895 363 1034 399 Manet
1063 361 1127 399 illa
1154 361 1194 400 in
1221 376 1260 400 re
1284 362 1443 412 publica
1470 364 1536 402 bo-

209 437 348 461 norum
370 425 605 473 consensio3
634 427 747 463 dolor
772 425 937 463 accessit
963 425 1079 463 bonis
1100 425 1200 472 viris,
1223 426 1342 464 virtus
1370 440 1450 465 non
1478 436 1536 466 est

171 500 187 530 5
208 487 440 537 imminum3
470 489 567 527 nihil
595 498 653 528 est
680 490 814 528 damni
844 492 991 528 factum
1021 490 1112 528 novi
1140 492 1209 528 sed
1237 492 1345 540 quod
1372 499 1452 529 erat
1481 491 1536 529 in-

208 561 368 591 ventum
391 562 459 592 est.
513 556 561 592 In
581 554 696 592 unius
718 555 890 593 hominis
911 554 1051 604 perditi
1072 554 1218 593 iudicio
1238 557 1367 605 plures
1389 556 1534 595 similes

207 617 347 667 reperti
368 620 483 656 sunt.’
531 620 609 657 Sed
630 619 727 668 quid
747 621 851 669 ago?
879 633 1005 669 paene
1026 619 1242 658 orationem
1265 620 1304 658 in
1326 620 1531 670 epistulam
1554 631 1600 658 10

206 681 355 721 inclusi.
417 685 557 722 Redeo
583 685 634 722 ad
658 684 962 722 altercationem.
1023 684 1151 734 Surgit
1177 686 1396 735 pulchellus
1423 699 1532 736 puer,

205 747 327 785 obicit
354 748 450 786 mihi
481 763 543 787 me
572 750 623 787 ad
651 749 765 787 Baias
794 749 922 787 fuisse.
984 751 1156 797 Falsum,
1177 751 1246 788 sed
1277 758 1408 788 tamen
1435 750 1531 800 quid

148 824 186 846 10
204 812 317 850 hoc?
398 813 562 852 ‘Simile
613 821 671 852 est
693 815 700 831 '
750 814 911 864 inquam
967 814 1103 864 ‘quasi
1151 814 1190 852 in
1238 823 1376 865 operto
1423 815 1530 854 dicas

204 875 346 915 fuisse.'
425 881 433 897 ‘
450 878 582 927 Quid'
639 878 766 928 inquit
816 878 996 917 ‘homini
1045 878 1225 928 Arpinati
1275 893 1365 917 curn
1418 880 1529 929 aquis

202 941 387 980 calidis?’
467 944 635 981 ‘Narra’
674 943 835 993 inquam
877 947 1065 994 ‘patrono
1103 951 1183 991 tuo,
1224 944 1291 993 qui
1330 944 1530 994 Arpinatis

201 1018 323 1055 aquas
352 1007 623 1057 concupivit'3
658 1008 760 1045 nosti
786 1007 891 1045 enim
918 1007 1126 1045 Marianas.
1192 1010 1455 1058 ‘Quousque’
1475 1008 1528 1046 in-

201 1069 285 1119 quit
318 1072 445 1109 ‘hunc
478 1085 609 1121 regem
638 1072 857 1109 feremus?'
931 1073 1107 1121 ‘Regem
1138 1073 1335 1121 appellas⁷
1366 1072 1527 1121 inquam

145 1136 315 1178 15‘cum
352 1136 438 1174 Rex
477 1135 532 1173 tui
572 1135 815 1174 mentionem
854 1137 1003 1173 nullam
1043 1136 1252 1183 fecerit?';
1293 1136 1356 1174 ille
1394 1145 1526 1176 autem

200 1199 320 1250 Regis
340 1201 599 1239 hereditatem
616 1215 685 1251 spe
701 1203 914 1239 devorarat.
960 1204 968 1220 ⁶
984 1203 1181 1238 Domum'
1203 1201 1329 1250 inquit
1353 1202 1526 1241 ‘emisti’

199 1266 364 1303 ‘Putes'
385 1265 547 1316 inquam
569 1265 747 1304 ‘dicerez
781 1266 938 1304 Iudices
966 1265 1118 1303 emisti.'
1178 1266 1370 1303 ‘Iuranti'
1399 1266 1524 1317 inquit

201 1329 293 1367 ‘tibi
322 1343 403 1368 non
431 1330 705 1368 crediderunt.’
766 1329 891 1367 ‘Mihi
917 1331 1030 1368 vero’
1058 1329 1218 1379 inquam
1246 1333 1354 1367 ‘XXV
1374 1331 1523 1370 iudices

198 1394 464 1442 crediderunt,
484 1406 602 1441 XXXI,
625 1393 813 1444 quoniam
843 1407 1027 1432 nummos
1056 1402 1147 1432 ante
1176 1403 1422 1444 acceperunt,
1453 1396 1523 1434 tibi

138 1472 180 1494 20
197 1458 294 1496 nihil
325 1459 599 1497 crediderunt.'
657 1458 814 1509 Magnis
848 1458 1084 1497 clamoribus
1118 1458 1298 1496 adflictus
1333 1460 1522 1499 conticuit

196 1530 234 1561 et
263 1523 446 1561 concidit.

248 1589 393 1626 Noster
411 1595 544 1626 autem
565 1595 688 1626 status
715 1595 773 1626 est
800 1587 874 1626 hic.
933 1588 1054 1637 Apud
1082 1588 1208 1626 bonos
1236 1587 1355 1626 iidem
1386 1602 1520 1627 sumus
1542 1598 1575 1624 11

176 1640 292 1702 [quos
320 1651 517 1702 reliquisti,
540 1654 647 1702 apud
677 1654 834 1691 sordem
861 1651 967 1690 urbis
989 1660 1026 1690 et
1053 1653 1199 1690 faecem
1230 1654 1354 1690 multo
1382 1653 1519 1691 melius

192 1724 251 1755 est
277 1730 383 1754 nunc
407 1730 526 1766 quam
553 1716 752 1766 reliquisti.
814 1718 917 1754 Nam
945 1724 983 1754 et
1013 1716 1109 1754 illud
1139 1716 1254 1755 nobis
1283 1731 1362 1755 non
1394 1718 1516 1763 obest,

134 1792 172 1822 25
192 1781 314 1819 videri
334 1789 511 1819 nostrum
528 1781 798 1819 testimonium
816 1794 896 1819 non
910 1781 1077 1819 valuisse
1093 1795 1101 1827 3
1131 1781 1271 1819 missus
1288 1790 1346 1820 est
1362 1782 1517 1831 sanguis

191 1845 361 1885 invidiae
382 1845 466 1884 sine
486 1847 623 1884 dolore
643 1853 762 1895 atque
786 1845 904 1883 etiam
929 1846 1005 1883 hoc
1033 1845 1155 1894 magis
1176 1847 1283 1894 quod
1305 1859 1442 1884 omnes
1463 1846 1516 1884 illi

190 1912 359 1948 fautores
379 1910 481 1948 illius
501 1910 621 1959 flagiti
647 1923 728 1948 rem
757 1909 1003 1947 manifestam
1032 1909 1138 1947 illam
1166 1911 1410 1959 redemptam
1432 1924 1516 1948 esse

189 1989 212 2014 a
231 1975 427 2013 iudicibus
448 1976 694 2013 confitentur.
754 1974 921 2012 Accedit
942 1973 1052 2021 illud,
1067 1975 1175 2023 quod
1196 1974 1260 2011 illa
1281 1975 1514 2013 contionalis

230 2088 252 2117 9
276 2077 408 2108 Salsum
427 2077 521 2108 Man.
672 2087 710 2107 10
735 2077 798 2107 hoc
819 2076 846 2106 C
859 2076 974 2106 codices
1002 2075 1162 2106 Lambini
1177 2076 1340 2115 Bosz'que:
1365 2077 1441 2107 huic
1460 2081 1514 2107 ΣΔ

188 2122 221 2152 in
240 2125 359 2160 operto
377 2122 468 2151 dicas
486 2124 509 2150 Σ
525 2132 531 2151 :
555 2121 647 2150 dicas
665 2121 699 2150 in
716 2126 835 2159 operto
853 2125 880 2149 Δ
1015 2129 1052 2148 12
1076 2124 1150 2149 ante
1175 2124 1315 2158 patrono
1338 2120 1412 2150 add.
1433 2121 1511 2158 quid

192 2164 316 2204 Tyrrell
447 2174 484 2201 13
510 2164 680 2194 Marianas
708 2163 807 2193 Rom.
836 2162 1006 2192 Schmidt:
1043 2164 1189 2192 marinas
1218 2163 1328 2193 codd.:
1363 2163 1512 2193 Marinas

202 2218 242 2238 se.
266 2207 490 2246 Marianas-cs.
513 2207 722 2237 Caesam'nus*
742 2205 928 2239 Lehmann,
950 2206 1004 2235 vix
1020 2209 1095 2235 rrcle
1196 2216 1232 2244 17
1259 2207 1392 2244 inquam
1411 2206 1510 2238 EPs:

185 2261 282 2290 quam
301 2249 445 2280 MNHO
562 2251 599 2280 18
627 2252 634 2266 ⁴
648 2250 728 2279 Mihi
747 2273 753 2279 .
773 2273 779 2279 .
799 2274 805 2280 .
825 2249 952 2278 iudices
970 2247 1204 2278 crediderunt’
1223 2259 1286 2278 om.
1306 2247 1356 2277 Ml
1468 2259 1508 2288 23

185 2294 320 2324 meliust
338 2292 443 2322 Reid:
466 2292 586 2322 melius
603 2292 689 2322 codd.
782 2301 820 2328 24
845 2301 941 2329 quam
961 2301 1034 2320 cum
1052 2290 1215 2322 Bricltelcr.
1235 2291 1292 2320 scd
1305 2294 1342 2329 rs.
1361 2297 1403 2330 es).
1423 2302 1466 2322 11.
1487 2302 1507 2330 3

183 2339 240 2374 fin.
369 2346 408 2374 27
435 2335 524 2366 illum
544 2335 755 2374 redemptum
772 2333 933 2372 Bz'c'cltcler,
954 2333 1009 2363 sed
1023 2333 1140 2372 confert
1155 2332 1328 2365 Lehmann
1352 2334 1435 2366 Verr.
1458 2336 1503 2366 iii.

175 2371 246 2419 ‘130
