1817 2832
165 131 235 169 VI.
258 131 320 168 vii
631 129 687 167 M.
720 128 889 166 TVLLI
920 128 1228 167 CICERONIS

260 243 352 281 volo
378 240 437 279 his
468 239 757 290 magistratibus
784 252 953 290 quorum
973 240 1217 278 voluntatem
1246 238 1287 277 in
1307 237 1593 289 supplicatione

261 319 348 344 sum
362 313 553 355 expertus.
595 306 658 342 Tu
680 312 812 342 tamen
833 303 944 342 mitte
965 303 1075 352 mihi,
1095 316 1254 354 quaeso,
1270 303 1427 342 obviarn
1447 303 1593 342 litteras

260 369 456 420 numquid
477 377 590 419 putes
617 369 671 407 rei
699 369 881 419 publicae
901 368 1063 407 nomine
1090 369 1327 407 tardandum
1354 381 1439 407 esse
1464 367 1590 406 nobis.

260 435 354 473 Tiro
383 435 434 472 ad
465 442 502 472 te
532 433 706 472 dedisset
734 433 891 481 litteras,
914 433 989 471 nisi
1019 447 1110 472 eum
1139 433 1304 483 graviter
1331 445 1491 482 aegrum
1518 431 1593 470 Issi

259 499 514 549 reliquissem.
574 499 653 538 Sed
675 498 858 537 nuntiant
879 498 1018 537 melius
1040 512 1135 537 esse.
1189 500 1275 548 Ego
1295 505 1429 536 tamen
1448 510 1570 548 angor
1583 511 1593 546 3
1613 513 1629 545 5

259 564 356 603 nihil
377 564 482 603 enim
503 563 570 603 illo
590 565 845 603 adulescente
865 564 1023 613 castius,
1043 563 1141 602 nihil
1161 562 1398 615 diligentius.

301 694 419 731 VIII
630 698 699 730 scr.
719 698 840 740 Ephesi
852 698 896 730 K.
919 697 986 731 Oct.
1006 709 1036 730 α.
1057 707 1119 738 704
1140 697 1223 739 (50).

676 787 852 819 CICERO
877 787 1050 819 ATTICO
1075 787 1172 819 SAL.

225 890 242 918 1
315 878 418 917 Cum
439 875 695 915 instituissem
715 878 767 915 ad
788 884 826 915 te
847 877 1015 915 scribere
1031 877 1308 926 calamumque
1324 875 1593 927 sumpsissem,

261 942 452 981 Batonius
473 956 494 980 e
515 941 604 980 navi
625 949 730 980 recta
748 943 799 980 ad
821 956 884 980 me
900 941 1007 980 venit
1028 943 1192 980 domum
1218 941 1367 992 Ephesi
1388 948 1426 980 et
1453 940 1594 991 epistu-

258 1008 337 1046 lam
376 1014 483 1045 tuam
523 1006 696 1046 reddidit
734 1007 859 1057 pridie
901 1009 988 1045 Kal.
1024 1007 1219 1046 Octobris.
1282 1009 1467 1046 Laetatus
1507 1020 1594 1044 sum

260 1071 443 1111 felicitate
473 1071 732 1122 navigationis
762 1080 861 1120 tuae,
886 1072 1180 1123 opportunitate
1212 1072 1346 1121 Piliae,
1367 1072 1485 1111 etiam
1512 1073 1595 1110 her-

216 1149 240 1176 2
260 1138 348 1177 cule
369 1150 550 1176 sermone
571 1137 750 1176 eiusdem
770 1139 820 1177 de
841 1138 1026 1188 coniugio
1046 1138 1201 1177 Tulliae
1222 1152 1343 1177 meae.
1403 1136 1594 1176 Batonius

259 1210 392 1241 autem
414 1216 542 1241 meros
567 1210 730 1242 terrores
755 1205 805 1242 ad
828 1218 891 1243 me
916 1204 1046 1242 attulit
1067 1203 1339 1251 Caesarianos,
1360 1217 1451 1242 cum
1468 1204 1594 1252 Lepta

260 1267 378 1307 etiam
405 1269 516 1318 plura
550 1270 704 1307 locutus
736 1277 807 1317 est,
839 1283 953 1319 spero
992 1271 1100 1318 falsa,
1135 1271 1204 1308 sed
1243 1277 1347 1308 certe
1381 1268 1594 1316 horribilia,

261 1333 473 1372 exercitum
520 1335 629 1372 nullo
677 1336 799 1373 modo
838 1335 1103 1382 dimissurum,
1149 1348 1239 1373 cum
1288 1334 1355 1373 illo
1397 1341 1594 1384 praetores

261 1398 497 1448 designatos,
540 1399 722 1438 Cassium
770 1400 972 1438 tribunum
1019 1402 1084 1451 pl.‚
1130 1401 1345 1439 Lentulum
1390 1400 1594 1438 consulem

261 1465 398 1511 facere,
424 1464 615 1515 Pompeio
636 1464 676 1502 in
696 1464 830 1504 animo
851 1479 935 1505 esse
956 1466 1095 1504 urbem
1115 1465 1344 1515 relinquere.

219 1537 242 1574 3
316 1530 394 1568 Sed
425 1530 522 1568 heus
552 1532 617 1568 tu!
648 1530 843 1579 numquid
873 1532 1037 1570 moleste
1067 1532 1142 1569 fers
1169 1532 1219 1569 de
1240 1530 1307 1568 illo
1334 1529 1401 1580 qui
1427 1543 1469 1568 se
1495 1529 1594 1567 solet

260 1595 452 1634 anteferre
474 1602 613 1645 patruo
638 1594 779 1633 sororis
801 1602 890 1634 tuae
919 1595 1002 1634 fili?
1042 1603 1082 1634 at
1101 1609 1124 1633 a
1144 1595 1288 1646 quibus
1309 1594 1458 1633 victus!
1515 1594 1593 1632 Sed

261 1660 312 1698 ad
333 1672 425 1698 rem.

218 1736 244 1773 4
318 1725 402 1762 Nos
423 1724 567 1763 etesiae
588 1724 934 1764 vehementissime
961 1727 1186 1773 tarda1·unt;
1216 1725 1382 1764 detraxit
1402 1737 1461 1762 xx
1488 1723 1593 1774 ipsos

262 1789 346 1828 dies
379 1789 496 1828 etiarn
535 1790 744 1840 aphractus
780 1791 1041 1830 Rhodiorum.
1114 1792 1202 1828 Kal.
1236 1791 1397 1829 Octobr.
1434 1791 1594 1839 Epheso

261 1857 574 1894 conscendentes
591 1857 694 1894 hanc
714 1856 922 1907 epistulam
945 1856 1128 1896 dedimus
1150 1858 1192 1894 L.
1209 1856 1415 1906 Tarquitio
1436 1855 1552 1893 simul
1572 1867 1594 1892 e

259 1928 373 1972 portu
394 1920 609 1971 egredienti
634 1922 704 1960 sed
725 1922 945 1972 expeditius
965 1921 1173 1972 naviganti.
1235 1923 1320 1960 Nos
1343 1920 1592 1959 Rhodiorum

259 1985 455 2036 aphractis
476 1986 693 2036 ceterisque
714 1987 841 2037 longis
857 1987 1023 2026 navibus
1048 1987 1346 2037 tranquillitates
1362 1985 1593 2036 aucupaturi

261 2064 414 2089 eramus
430 2065 439 2097 3
469 2050 522 2089 ita
542 2058 674 2090 tamen
696 2052 1003 2102 properabamus
1026 2059 1067 2090 ut
1089 2066 1169 2090 non
1190 2059 1323 2102 posset
1345 2051 1478 2101 tnagis.

219 2128 243 2166 5
318 2118 378 2154 De
400 2116 637 2155 raudusculo
666 2118 885 2155 Puteolano
908 2124 1070 2166 gratum.
1132 2118 1250 2154 Nunc
1271 2116 1387 2155 velim
1409 2115 1593 2166 dispicias

308 2230 322 2250 1
348 2220 440 2258 volo]
455 2220 534 2259 fort.
565 2221 605 2250 ad
635 2220 749 2250 urbem
774 2221 890 2250 venire
914 2221 999 2256 volo,
1027 2220 1062 2257 cf.
1091 2220 1187 2250 Fam.
1208 2220 1238 2251 ii.
1264 2230 1310 2258 17.
1335 2230 1348 2250 1
1483 2230 1501 2256 4
1528 2218 1592 2249 Issi

262 2262 354 2294 Man.
375 2275 381 2294 ε
406 2275 481 2294 esse
499 2263 554 2295 M:
580 2274 645 2295 om.
665 2264 782 2294 codices
801 2273 866 2293 non
894 2264 980 2293 nulli
1003 2263 1210 2303 Malaspinae
1345 2273 1379 2293 11
1407 2263 1514 2302 pridie
1532 2262 1592 2293 M:

261 2317 285 2337 11
313 2307 352 2345 Z,
379 2309 416 2346 cf.
436 2308 531 2337 Fam.
550 2307 619 2339 xiv.
642 2318 671 2346 4.
690 2317 710 2346 3
846 2317 883 2345 14
909 2317 1020 2337 meros
1045 2306 1218 2338 Muretus:
1252 2307 1354 2338 miros
1380 2306 1421 2337 M
1554 2307 1593 2336 16

258 2356 334 2383 ante
350 2354 536 2383 exercitum
556 2351 633 2384 add.
654 2352 836 2383 Caesarem
856 2351 941 2380 Crat.
962 2350 1099 2381 Bosius:
1130 2361 1193 2380 om.
1212 2349 1253 2379 M
1353 2361 1394 2380 22
1411 2350 1592 2381 vehemen-

260 2396 380 2427 tissimi
402 2396 587 2427 Gronovius
720 2406 761 2434 24
788 2394 960 2434 Tarquitio
977 2393 1059 2424 Ant.
1077 2405 1083 2424 ;
1111 2393 1280 2434 tarquinio
1297 2393 1338 2423 M

1617 953 1654 975 10

1615 1610 1654 1631 20

1616 1936 1652 1967 ²5
