1790 2837
73 116 149 156 ΙΙΙ.
169 128 231 155 xv
541 120 597 159 M.
630 121 799 159 TVLLI
829 123 1135 163 CICERONIS

173 243 196 267 a
228 243 290 268 me
324 228 448 280 ipsam
484 229 795 271 incolumitatem
827 233 1039 273 desiderari
1072 237 1215 286 putas?
1262 238 1367 277 Nolo
1399 251 1503 276 com-

174 310 390 335 memorare
411 297 555 347 quibus
582 299 697 337 rebus
728 299 800 337 sim
829 300 1028 350 spoliatus,
1052 315 1133 340 non
1160 304 1287 341 solum
1309 303 1400 354 quia
1420 317 1502 342 non

173 361 326 410 ignoras
355 363 424 400 sed
449 362 566 400 etiam
597 377 647 402 ne
675 364 894 403 rescindam
926 365 1009 415 ipse
1034 367 1211 405 dolorem
1238 381 1397 416 meumj
1426 370 1502 407 hoc

172 427 364 465 confirmo
409 441 539 477 neque
577 428 693 467 tantis
736 430 851 467 bonis
899 444 984 469 esse
1029 431 1222 481 privatum
1261 446 1501 483 quemquam

172 503 301 540 neque
322 490 362 528 in
383 498 510 530 tantas
537 492 710 531 miserias
735 494 930 533 incidisse.
993 496 1088 534 Dies
1115 504 1246 535 autem
1275 511 1354 535 non
1380 500 1502 536 modo
1523 509 1540 541 5

172 569 252 593 non
269 557 370 593 levat
386 558 536 595 luctum
557 559 663 596 hunc
684 560 752 596 sed
774 559 891 597 etiam
912 569 1036 611 auget.
1089 563 1192 599 Nam
1213 562 1331 600 ceteri
1346 564 1502 601 dolores

172 619 397 670 mitigantur
418 629 619 669 vetustate,
644 623 708 661 hic
732 637 813 662 non
840 632 969 674 potest
990 639 1070 664 non
1091 634 1129 664 et
1151 640 1266 665 sensu
1288 627 1502 676 praesentis

172 685 350 724 miseriae
388 695 426 726 et
460 688 731 727 recordatione
770 690 999 739 praeteritae
1034 691 1135 729 vitae
1174 692 1320 730 cotidie
1357 692 1499 742 augeri.

173 749 366 789 Desidero
388 752 492 790 enim
518 767 599 791 non
626 767 714 792 mea
738 756 864 793 solum
893 768 1023 805 neque
1050 769 1160 795 meos
1185 759 1254 796 sed
1276 771 1339 795 me
1360 757 1498 808 ipsum.

172 815 280 864 Quid
314 817 418 855 enim
452 820 569 856 sum?
616 820 694 858 Sed
729 833 809 858 non
844 820 984 859 faciam
1014 827 1058 860 ut
1086 830 1153 860 aut
1182 830 1294 860 tuum
1323 823 1498 861 animum
1524 836 1561 858 10

169 894 310 930 angam
332 883 499 932 querelis
519 891 587 922 aut
607 884 704 922 meis
725 885 951 924 vulneribus
977 886 1132 937 saepius
1154 901 1292 926 manus
1313 889 1497 927 adferam.

170 947 275 984 Nam
303 949 411 998 quod
438 963 578 999 purgas
605 963 673 988 eos
694 963 793 1000 quos
818 964 891 1001 ego
919 951 1016 990 mihi
1040 952 1175 1002 scripsi
1196 953 1381 992 invidisse
1402 961 1440 992 et
1461 954 1499 992 in

168 1011 224 1050 eis
254 1013 460 1061 Catonem,
491 1028 563 1065 ego
593 1029 684 1054 vero
716 1023 868 1054 tantum
901 1016 1011 1055 illurn
1044 1026 1140 1068 puto
1170 1018 1221 1056 ab
1251 1017 1325 1057 isto
1357 1021 1500 1058 scelere

167 1079 310 1117 afuisse
330 1086 372 1117 ut
392 1080 561 1119 maxime
581 1081 738 1120 doleam
759 1083 846 1131 plus
874 1084 980 1132 apud
1009 1098 1071 1122 me
1099 1083 1388 1122 simulationem
1410 1084 1501 1122 alio-

170 1157 255 1181 rum
283 1157 402 1193 quam
429 1144 538 1183 istius
566 1146 685 1184 fidem
706 1146 882 1185 valuisse.
944 1149 1106 1187 Ceteros
1127 1150 1235 1198 quod
1262 1163 1412 1199 purgas,
1437 1151 1501 1188 de-
1524 1160 1559 1192 15

128 1219 152 1256 3
171 1209 266 1247 bent
288 1209 384 1248 mihi
404 1210 558 1260 probati
579 1225 673 1258 esse,
694 1211 764 1250 tibi
786 1212 816 1250 si
838 1220 938 1251 sunt.
1000 1215 1077 1252 Sed
1098 1215 1195 1252 haec
1218 1228 1303 1253 sero
1323 1215 1483 1265 agimus.

224 1275 354 1314 Crassi
384 1276 567 1315 libertum
597 1276 693 1314 nihil
723 1285 819 1327 puto
854 1277 1003 1316 sincere
1033 1280 1219 1317 locutum.
1283 1281 1331 1317 In
1362 1287 1498 1318 senatu

167 1354 247 1378 rern
288 1342 411 1390 probe
454 1341 591 1380 scribis
633 1349 773 1380 actam.
847 1344 925 1381 Sed
969 1343 1063 1393 quid
1104 1344 1256 1383 Curio?
1303 1358 1353 1382 an
1393 1345 1497 1382 illam

166 1406 384 1445 orationem
419 1421 500 1446 non
532 1407 653 1458 legit?
688 1422 788 1458 quae
820 1410 927 1448 unde
961 1409 1009 1447 sit
1038 1411 1188 1460 prolata
1216 1410 1360 1448 nescio.
1420 1412 1497 1448 Sed

165 1472 289 1510 Axius
323 1473 499 1512 eiusdem
535 1473 614 1512 diei
649 1474 823 1513 scribens
857 1475 908 1513 ad
947 1489 1010 1513 me
1043 1483 1130 1513 acta
1164 1489 1245 1514 non
1280 1475 1332 1513 ita
1365 1476 1497 1514 laudat
1520 1488 1559 1509 20

167 1538 392 1578 Curionem.
453 1541 505 1577 At
539 1547 668 1590 potest
702 1540 767 1579 ille
800 1539 949 1590 aliquid
984 1540 1300 1591 praetermittere,
1335 1548 1386 1587 tu,
1424 1540 1496 1579 nisi

166 1605 275 1653 quod
309 1611 400 1650 erat,
435 1606 611 1653 profecto
646 1619 726 1643 non
761 1605 958 1655 scripsisti.
1018 1605 1205 1643 Varronis
1245 1619 1373 1643 sermo
1407 1605 1498 1644 facit

167 1669 499 1718 exspectationem
522 1669 710 1709 Caesaris,
769 1672 902 1720 Atque
927 1670 1076 1708 utinam
1104 1669 1186 1720 ipse
1202 1671 1326 1707 Varro
1350 1669 1498 1708 incum-

166 1735 233 1773 bat
271 1733 311 1772 in
350 1737 533 1773 causam!
581 1735 689 1785 quod
723 1736 900 1786 profecto
934 1749 1024 1773 cum
1065 1748 1134 1772 sua
1167 1742 1307 1785 sponte
1342 1742 1425 1773 tum
1461 1743 1497 1774 te

167 1798 338 1838 instante
367 1799 491 1838 faciet.
1519 1814 1556 1845 25

123 1875 150 1913 4
223 1867 309 1915 Ego
336 1864 366 1903 si
395 1879 457 1903 me
483 1865 698 1915 aliquando
720 1864 836 1904 vestri
857 1872 894 1904 et
914 1865 1060 1915 patriae
1088 1872 1313 1915 compotem
1342 1866 1497 1904 fortuna

167 1931 311 1977 fecerit,
337 1938 441 1970 certe
471 1931 635 1970 efficiam
665 1938 708 1970 ut
737 1931 905 1970 maxime
934 1933 1076 1969 laetere
1106 1944 1206 1968 unus
1236 1945 1282 1968 ex
1311 1931 1496 1969 omnibus

165 1996 302 2034 amicis
332 2010 499 2046 meaque
527 1997 654 2035 officia
678 2004 716 2035 et
737 1996 866 2035 studia
890 2010 990 2047 quae
1015 2010 1152 2046 parum
1177 2004 1293 2034 antea
1316 1998 1496 2035 luxerunt

166 2060 386 2110 (fatendum
412 2069 469 2100 est
491 2061 614 2112 enim)
643 2060 697 2100 sic
722 2075 910 2112 exsequar
930 2068 972 2099 ut
994 2075 1056 2099 me
1083 2074 1208 2111 aeque
1230 2060 1300 2099 tibi
1320 2074 1366 2099 ac
1391 2060 1495 2098 fratri

164 2133 201 2164 et
222 2125 352 2164 liberis
382 2126 524 2165 nostris
549 2126 769 2165 restitutum
790 2134 913 2177 putes.
974 2126 1012 2164 Si
1035 2125 1129 2176 quid
1151 2125 1190 2163 in
1211 2133 1248 2164 te
1269 2125 1428 2176 peccavi
1449 2139 1495 2164 ac
1518 2140 1558 2171 30

206 2240 226 2268 3
251 2231 440 2261 rescindam
471 2229 647 2261 Graevius:
681 2231 832 2261 scindam
861 2229 947 2261 codd.
965 2241 970 2261 :
1008 2230 1184 2260 incendam
1213 2229 1262 2259 vel
1287 2228 1391 2259 sitm'le
1416 2228 1498 2268 quid

163 2276 241 2304 roni.
262 2274 349 2304 Reid
469 2284 505 2303 12
531 2275 650 2313 scripsi
669 2274 821 2305 EO²M²z
849 2274 958 2304 scribo
976 2272 1029 2303 Ml
1047 2284 1053 2303 τ
1081 2274 1198 2303 scribis
1216 2273 1336 2302 NHPs
1455 2282 1493 2310 15

162 2318 252 2355 quod
267 2316 306 2347 Zl
320 2317 347 2346 L
365 2317 505 2357 (marg.)
518 2329 544 2348 v.
562 2329 584 2348 c.
605 2330 610 2348 ι
629 2328 714 2357 quos
729 2321 783 2348 ΣΔ
876 2318 913 2347 16
938 2317 1068 2356 probati
1089 2316 1264 2347 ZENOPs
1276 2315 1468 2357 MQnarg.)
1486 2326 1493 2346 :

163 2362 295 2399 purgati
323 2361 425 2399 HM1,
445 2362 485 2401 rs.
501 2361 678 2391 Lehmann
696 2363 703 2377 ‘
718 2360 802 2391 ΑΗ]
816 2365 849 2402 p.
872 2371 931 2400 193
