1790 2837
89 117 143 154 ΙΙ.
162 114 240 153 xxi
543 115 600 152 M.
632 113 801 151 TVLLI
833 112 1142 152 CICERONIS

181 225 412 277 potuissent.
473 226 552 264 Sed
583 238 674 263 cum
704 224 772 263 diu
803 226 957 263 occulte
987 223 1255 274 suspirassent,
1277 231 1416 275 postea
1436 221 1513 261 iam

181 305 347 342 gemere,
371 292 422 329 ad
448 298 667 329 extremum
687 302 779 328 vero
806 289 914 339 loqui
943 302 1081 327 omnes
1111 297 1149 327 et
1179 291 1348 327 clamare
1376 302 1516 339 coepe-

139 370 163 406 3
182 364 281 395 runt.
343 358 484 406 Itaque
513 356 577 394 ille
606 362 740 393 noster
765 354 914 392 amicus
939 353 1112 392 insolens
1139 353 1333 402 infamiae,
1361 367 1516 403 semper

181 421 220 460 in
250 422 368 460 laude
392 428 577 468 versatus,
604 420 881 459 circumfluens
910 419 1043 469 gloria,
1067 420 1308 457 deformatus
1337 432 1513 469 corpore,

180 488 324 526 fractus
361 486 507 533 animo,
539 499 620 536 quo
653 499 695 524 se
733 486 908 523 conferat
939 483 1089 531 nescit3
1128 497 1376 534 progressum
1409 497 1515 534 prae-
1535 496 1551 524 5

181 552 357 603 cipitem‚
405 551 697 590 inconstantem
741 550 912 589 reditum
960 549 1067 587 videt
1090 563 1100 597 3
1157 549 1284 587 bonos
1331 548 1513 587 inimicos

181 619 314 665 habet,
353 616 558 667 improbos
590 615 697 666 ipsos
729 629 811 653 non
850 614 1010 653 amicos.
1079 616 1141 652 Ac
1179 614 1270 652 vide
1308 613 1514 652 mollitiem

180 683 312 722 animi.
373 684 467 720 Non
497 681 606 720 tenui
634 680 813 720 lacrimas
841 695 930 719 cum
960 680 1069 718 illum
1090 694 1123 718 a.
1147 681 1184 718 d.
1208 692 1283 718 V111
1312 681 1399 717 Kal.
1427 680 1515 718 Sex-

181 748 258 787 tilis
279 747 360 787 vidi
381 749 432 786 de
452 746 591 786 edictis
614 746 746 785 Bibuli
767 746 1076 784 contionantem.
1137 744 1217 794 Qui
1241 752 1358 783 antea
1377 743 1514 783 solitus

181 821 283 852 esset
310 813 453 851 iactare
480 826 523 851 se
546 810 933 861 magnificentissime
960 809 1027 849 illo
1057 809 1097 848 in
1121 811 1211 848 loco
1240 822 1397 848 summo
1423 822 1514 847 cum
1538 825 1575 846 10

183 891 315 918 amore
347 876 495 928 populi,
528 875 681 915 cunctis
712 875 944 921 faventibus,
981 882 1024 913 ut
1055 874 1120 913 ille
1151 882 1235 912 tum
1267 874 1439 921 humilis,
1473 882 1515 912 ut

183 943 379 981 demissus
400 949 491 989 erat,
514 949 557 980 ut
578 941 662 992 ipse
682 940 800 979 etiam
826 939 911 987 sibi,
934 953 1015 978 non
1036 939 1081 977 iis
1103 940 1230 978 solum
1252 939 1319 989 qui
1339 940 1513 986 aderant,

138 1019 163 1055 4
183 1008 440 1058 displicebat!
498 1008 534 1046 O
555 1007 824 1056 spectaculum
853 1005 922 1042 uni
952 1006 1095 1044 Crasso
1124 1004 1353 1051 iucundum,
1377 1003 1514 1042 ceteris

182 1087 263 1111 non
285 1073 378 1111 item
398 1074 404 1111 ἒ
444 1073 549 1110 Nam
570 1071 662 1121 quia
682 1070 883 1108 deciderat
899 1084 945 1108 ex
958 1069 1080 1117 astris,
1095 1070 1227 1119 lapsus
1243 1068 1373 1119 potius
1395 1081 1512 1118 quam

181 1150 407 1188 progressus
434 1137 650 1182 videbatur,
675 1143 723 1181 et,
747 1142 789 1173 ut
816 1135 975 1184 Apelles
1004 1134 1035 1172 si
1055 1136 1263 1180 Venerem,
1286 1141 1353 1171 aut
1381 1135 1514 1171 Proto-
1537 1148 1572 1178 15

181 1217 301 1254 genes
336 1202 366 1241 si
395 1203 568 1253 Ialysum
600 1201 711 1239 illum
742 1214 857 1239 suum
887 1213 1012 1238 caeno
1046 1199 1214 1238 oblitum
1245 1198 1405 1246 videret,
1437 1212 1514 1236 ma-

181 1282 314 1318 gnum,
332 1269 461 1314 credo,
480 1267 675 1317 acciperet
696 1267 886 1312 dolorem,
905 1264 960 1303 sic
981 1278 1054 1314 ego
1074 1265 1180 1302 hunc
1202 1263 1387 1302 omnibus
1407 1277 1430 1301 a
1451 1277 1514 1301 me

182 1333 332 1382 pictum
363 1340 401 1371 et
430 1331 598 1382 politum
628 1330 719 1369 artis
750 1329 948 1368 coloribus
978 1328 1109 1367 subito
1139 1330 1403 1367 deformatum
1433 1342 1513 1366 non

184 1397 268 1435 sine
290 1410 434 1447 magno
455 1397 591 1435 dolore
613 1394 703 1434 vidi.
755 1395 1009 1443 Quamquam
1032 1405 1151 1431 nemo
1172 1393 1336 1443 putabat
1355 1401 1515 1443 propter

184 1462 425 1502 Clodianum
456 1460 659 1511 negotium
691 1473 755 1498 me
786 1458 841 1497 illi
871 1458 1044 1496 amicum
1077 1471 1162 1496 esse
1190 1458 1348 1505 debere,
1380 1466 1512 1496 tamen
1535 1473 1573 1494 20

181 1535 312 1566 tantus
342 1526 414 1564 fuit
442 1539 553 1564 amor
582 1532 624 1563 ut
651 1522 842 1562 exhauriri
870 1525 976 1560 nulla
999 1530 1132 1573 posset
1162 1521 1312 1561 iniuria.
1373 1523 1513 1572 Itaque

182 1591 437 1632 Archilochia
456 1591 496 1628 in
516 1590 626 1628 illum
657 1589 786 1627 edicta
817 1588 949 1627 Bibuli
976 1589 1125 1638 populo
1146 1587 1199 1625 ita
1220 1595 1310 1625 sunt
1340 1587 1513 1626 iucunda

181 1665 223 1695 ut
244 1671 334 1695 eum
355 1658 487 1695 locum
508 1654 576 1693 ubi
597 1661 870 1704 proponuntur
889 1666 982 1703 prae
1003 1652 1255 1691 multitudine
1287 1666 1422 1691 eorum
1445 1652 1512 1703 qui
1784 1615 1790 1722 ἒ

180 1723 315 1771 legunt
336 1720 496 1759 transire
513 1732 765 1769 nequeamus,
783 1718 856 1768 ipsi
878 1718 931 1756 ita
950 1718 1092 1757 acerba
1107 1726 1149 1756 ut
1166 1718 1341 1756 tabescat
1362 1719 1509 1765 dolore,
1778 1723 1790 2212 ἰ

180 1786 277 1825 mihi
299 1800 362 1824 me
382 1786 540 1824 hercule
564 1786 739 1830 molesta,
760 1784 868 1834 quod
897 1791 934 1822 et
956 1797 1046 1822 eum
1072 1797 1191 1834 quem
1219 1796 1373 1833 semper
1394 1783 1511 1822 dilexi
1533 1797 1570 1829 25

180 1850 297 1889 nimis
326 1850 549 1889 excruciant
577 1857 615 1887 et
644 1848 765 1888 timeo
796 1856 875 1887 tam
905 1850 1119 1887 vehemens
1149 1848 1205 1886 vir
1233 1854 1395 1898 tamque
1424 1862 1513 1887 acer

179 1916 219 1954 in
241 1918 341 1955 ferro
361 1923 399 1954 et
420 1923 498 1953 tam
530 1914 706 1952 insuetus
733 1913 998 1953 contumeliae
1018 1927 1069 1952 ne
1089 1912 1198 1951 omni
1219 1912 1340 1951 animi
1361 1912 1511 1963 impetu

180 1980 306 2020 dolori
327 1988 365 2018 et
386 1979 610 2018 iracundiae
632 1986 776 2030 pareat.

137 2057 162 2096 5
235 2045 367 2084 Bibuli
402 2044 468 2095 qui
503 2044 550 2082 sit
585 2045 709 2083 exitus
744 2046 896 2083 futurus
930 2042 1076 2083 nescio.
1144 2044 1198 2081 Vt
1232 2056 1339 2081 nunc
1372 2056 1431 2081 res
1471 2056 1512 2081 se

179 2112 312 2158 habet,
332 2109 552 2148 admirabili
580 2109 701 2160 gloria
728 2117 799 2148 est.
858 2109 937 2158 Qui
959 2123 1049 2147 cum
1077 2107 1237 2146 comitia
1265 2106 1305 2145 in
1333 2120 1510 2146 mensem
1533 2123 1572 2153 30

180 2176 396 2216 Octobrem
427 2175 651 2221 distulisset,
680 2176 788 2224 quod
816 2176 915 2213 solet
939 2188 985 2212 ea
1014 2187 1074 2212 res
1103 2172 1239 2223 populi
1266 2173 1509 2211 voluntatem

223 2289 242 2318 3
268 2285 385 2311 noster
400 2279 527 2310 amicus
545 2282 590 2310 Σε
617 2278 743 2309 amicus
768 2283 885 2308 noster
908 2282 936 2308 Δ
1055 2287 1090 2307 11
1118 2277 1233 2316 populi
1259 2275 1390 2306 NsM²:
1417 2276 1507 2315 publi

180 2322 312 2353 M¹P0¹
495 2333 531 2362 14
557 2323 636 2353 item
661 2322 838 2352 Ascensius
863 2321 923 2363 (ed.
952 2321 1007 2359 23:
1041 2320 1128 2351 idem
1153 2320 1241 2351 codd.
1397 2319 1510 2358 potius

175 2371 251 2406 post
278 2367 392 2406 lapsus
409 2369 453 2397 2:
485 2370 562 2407 post
580 2376 780 2406 progressus
804 2371 832 2396 Δ
993 2374 1034 2404 25
1059 2364 1163 2395 dilexi
1189 2364 1289 2394 nimis
1308 2362 1508 2395 CEHPM-'z

180 2411 359 2441 dileximus
377 2409 480 2440 NM¹s
