1790 2837
77 112 153 151 III.
177 123 207 150 x
551 115 606 152 M.
639 114 807 151 TVLLI
839 114 1145 153 CICERONIS

180 238 230 263 ne
259 224 444 271 viderem,
474 237 523 262 ne
553 230 619 262 aut
648 223 750 262 illius
780 226 931 263 luctum
961 226 1262 276 squaloremque
1291 224 1506 275 aspicerem

179 297 246 327 aut
278 303 341 328 me
375 303 494 339 quern
529 289 593 328 ille
626 289 946 328 florentissimum
985 290 1193 340 reliquerat
1222 291 1417 341 perditum
1453 292 1507 329 illi

179 354 463 404 adflictumque
487 356 678 393 offerrem.
739 355 859 393 Mitto
883 362 1012 393 cetera
1038 355 1321 404 intolerabilia;
1360 357 1505 395 etenim

179 421 272 458 fletu
297 419 501 470 impedior.
563 420 643 458 Hic
671 427 800 459 utrum
829 422 989 459 tandem
1011 434 1098 458 sum
1124 423 1370 460 accusandus
1398 423 1506 471 quod

177 486 306 531 doleo,
330 498 380 523 an
410 486 518 535 quod
549 485 729 524 commisi
759 494 801 524 ut
831 487 929 524 haec
955 499 1036 524 non
1062 493 1129 523 aut
1156 486 1373 533 retinerem,
1398 488 1506 536 quod
1531 497 1541 504 ·

177 550 290 589 facile
312 551 448 588 fuisset
472 550 546 588 nisi
573 550 673 589 intra
700 551 866 601 parietes
892 564 1001 589 meos
1032 552 1082 589 de
1107 564 1194 589 mea
1221 551 1391 602 pernicie
1416 565 1506 590 con-

177 615 262 653 silia
282 615 483 663 inirentur,
503 624 570 654 aut
591 624 694 654 certe
716 616 825 654 vivus
846 630 926 654 non
947 616 1198 655 amitterem?

134 687 158 723 3
233 682 347 719 Haec
369 694 416 718 eo
437 680 572 730 scripsi
593 688 635 719 ut
660 680 789 731 potius
818 682 1006 719 relevares
1032 695 1105 729 me,
1129 682 1237 731 quod
1258 680 1362 729 facis,
1387 695 1505 732 quam

175 754 218 785 ut
243 747 497 797 castigatione
524 755 591 785 aut
619 747 891 797 obiurgatione
918 748 1081 797 dignum
1111 755 1280 797 putares>
1301 761 1428 798 eoque
1454 749 1504 786 ad

175 821 214 851 te
235 812 364 850 minus
396 814 518 850 multa
547 812 676 851 scribo
703 813 812 862 quod
839 820 877 851 et
908 826 1082 851 maerore
1109 812 1303 863 impedior
1329 821 1367 851 et
1397 815 1504 863 quod

176 885 400 927 exspectem
435 877 549 916 istinc
582 877 705 927 magis
736 878 866 916 habeo
898 891 1015 928 quam
1056 878 1164 927 quod
1203 877 1285 927 ipse
1324 877 1502 916 scribam.

178 944 292 991 Quae
313 941 344 980 si
365 950 477 980 erunt
497 944 640 990 adlata,
654 942 794 981 faciam
816 950 853 981 te
870 942 1008 981 consili
1030 942 1151 981 nostri
1172 942 1387 981 certiorem.
1429 945 1502 990 Tu,

176 1015 218 1045 ut
256 1008 387 1045 adhuc
422 1007 560 1055 fecisti,
593 1021 711 1057 quarn
746 1008 922 1057 plurimis
961 1009 1011 1046 de
1049 1009 1166 1047 rebus
1204 1009 1255 1046 ad
1295 1022 1358 1046 me
1389 1008 1505 1046 velim

176 1072 333 1119 scribas,
375 1080 417 1111 ut
455 1087 611 1123 prorsus
651 1087 701 1111 ne
741 1073 837 1124 quid
876 1073 1063 1124 ignorem.
1136 1076 1239 1112 Data
1276 1085 1373 1112 X1111
1415 1075 1502 1112 Kal.

177 1137 364 1187 Quintilis
387 1138 703 1177 Thessalonicae.

218 1324 285 1359 XI
434 1326 503 1360 Ser.
526 1328 764 1359 Thessalonicae
779 1329 811 1359 iv
826 1328 868 1360 K.
892 1328 1001 1368 Quini.
1023 1340 1054 1360 a.
1078 1329 1142 1369 696
1161 1328 1248 1371 (58).

594 1423 770 1454 CICERO
794 1423 967 1455 ATTICO
995 1423 1091 1455 SAL.

143 1527 161 1555 1
234 1522 303 1560 Me
333 1527 371 1560 et
395 1528 485 1560 tuae
511 1521 661 1560 litterae
688 1529 726 1560 et
754 1522 914 1572 quidam
947 1522 1041 1561 boni
1072 1523 1212 1571 nuntii,
1237 1537 1318 1562 non
1348 1523 1507 1574 optimis

176 1593 309 1624 tamen
343 1587 583 1634 auctoribus,
613 1594 651 1625 et
689 1587 929 1637 exspectatio
964 1596 1177 1626 vestrarum
1215 1588 1429 1627 litterarum
1468 1597 1506 1627 et

174 1653 283 1701 quod
315 1651 385 1689 tibi
420 1651 473 1689 ita
506 1653 705 1701 placuerat
733 1653 865 1690 adhuc
896 1653 1204 1692 Thessalonicae
1234 1655 1404 1692 tenebat.
1465 1652 1504 1692 Si

173 1730 363 1767 accepero
385 1717 529 1755 litteras
551 1731 648 1767 quas
669 1725 868 1766 exspecto,
889 1718 920 1756 si
947 1732 1035 1768 spes
1066 1718 1137 1757 erit
1158 1733 1204 1757 ea
1224 1732 1325 1769 quae
1346 1719 1506 1757 rumori-

174 1783 248 1820 bus
281 1783 539 1829 adserebatur,
572 1784 623 1821 ad
658 1790 696 1821 te
731 1797 793 1821 me
825 1785 1048 1831 conferam3
1087 1784 1118 1822 si
1148 1798 1229 1822 non
1259 1784 1340 1831 erit,
1363 1784 1503 1823 faciam

130 1858 155 1885 2
175 1854 212 1885 te
233 1847 437 1886 certiorem
460 1847 555 1897 quid
577 1847 732 1897 egerim.
794 1850 857 1886 Tu
885 1862 961 1895 me,
982 1856 1024 1886 ut
1045 1849 1152 1897 facis,
1174 1862 1305 1898 opera,
1326 1849 1505 1898 consilio,

171 1912 293 1962 gratia
328 1912 444 1960 iuva;
491 1913 685 1951 consolari
725 1913 801 1951 iam
840 1914 989 1961 desine,
1025 1915 1228 1964 obiurgare
1267 1929 1359 1953 vero
1397 1915 1503 1963 noli;

170 1979 278 2027 quod
300 1992 389 2016 cum
412 1978 515 2025 facis,
539 1986 582 2016 ut
603 1993 675 2029 ego
703 1987 814 2017 tuum
842 1994 1016 2018 amorem
1038 1987 1076 2018 et
1096 1981 1274 2018 dolorem
1296 1980 1500 2019 desidero!
1524 1995 1537 2016 2

170 2057 288 2093 quem
318 2043 369 2081 ita
395 2045 595 2082 adfectum
624 2059 712 2082 mea
739 2059 926 2083 aerumna
956 2059 1040 2083 esse
1067 2045 1231 2083 arbitror
1251 2052 1293 2083 ut
1314 2053 1352 2084 te
1373 2046 1500 2096 ipsum

170 2109 364 2146 consolari
393 2123 511 2147 nemo
539 2110 671 2159 possit.
734 2110 927 2159 Quintum
959 2113 1113 2148 fratrem
1144 2110 1338 2160 optimum
1368 2113 1503 2150 huma·

170 2173 458 2224 nissimumque
480 2182 665 2213 sustenta.
726 2177 791 2213 Ad
819 2189 882 2213 me
910 2176 1075 2214 obsecro
1103 2182 1141 2214 te
1171 2182 1213 2214 ut
1237 2175 1371 2214 omnia
1398 2184 1503 2215 certa

170 2239 396 2289 perscribas⁸
460 2243 563 2279 Data
584 2253 646 2278 1111
672 2243 759 2279 Kal.
780 2241 977 2290 Quintilis.

213 2354 232 2383 5
257 2356 323 2375 non
351 2350 408 2375 aut
435 2345 596 2386 Madvig:
621 2351 677 2376 aut
697 2357 763 2376 non
787 2345 828 2375 Μ
988 2357 1004 2385 7
1031 2357 1097 2377 non
1115 2357 1180 2378 om.
1203 2346 1290 2378 Crat.
1458 2358 1501 2378 ρο

169 2390 307 2419 tenebat
338 2388 395 2418 M¹
430 2390 539 2421 Rau:
580 2390 675 2420 -bant
702 2390 757 2419 M²
785 2390 900 2420 Bffl'lcr
1029 2401 1071 2430 23
1095 2396 1127 2421 te
1151 2391 1327 2422 certiorem
1354 2402 1419 2422 om.
1444 2390 1498 2421 M¹
