1817 2832
194 127 264 165 VI.
281 126 295 163 i
663 127 719 164 M.
751 126 919 164 TVLLI
950 125 1257 165 CICERONIS

292 239 370 278 fide
408 240 577 278 locatam
616 237 794 288 meisque
833 238 1035 276 beneficiis
1074 246 1252 277 ornatam
1286 238 1462 278 funditus
1495 237 1621 289 perdi-

245 304 272 341 6
292 304 447 342 dissem.
507 306 640 353 Atque
667 305 744 342 hoc
771 311 948 354 tempore
977 304 1064 354 ipso
1091 303 1272 354 impingit
1292 304 1388 342 mihi
1412 304 1620 354 epistulam

292 369 471 418 Scaptius
492 369 602 407 Bruti
629 383 711 407 rem
739 369 845 407 illam
873 383 944 407 suo
970 369 1145 419 periculo
1171 383 1267 417 esse,
1290 371 1398 419 quod
1424 384 1497 408 nec
1524 369 1622 408 mihi

292 447 479 483 umquam
516 436 659 472 Brutus
693 434 842 473 dixerat
881 448 954 472 nec
994 434 1074 481 tibi,
1109 434 1227 473 etiam
1262 442 1304 472 ut
1337 436 1621 484 praefecturam

291 499 449 548 Scaptio
478 500 681 537 deferrem.
747 500 796 537 Id
825 512 916 537 vero
948 513 1017 549 per
1046 507 1083 537 te
1117 512 1396 549 exceperamus
1430 513 1475 536 ne
1506 513 1622 550 nego-
1642 510 1659 542 5

291 564 418 603 tiatori
434 580 443 613 ;
478 566 586 614 quod
617 564 648 603 si
677 564 873 615 cuiquam,
907 564 998 603 huic
1028 572 1161 602 tamen
1193 578 1284 603 non.
1345 566 1486 603 Fuerat
1515 565 1622 603 enim

291 631 510 680 praefectus
549 630 683 680 Appio
731 638 769 669 et
814 630 976 680 quidem
1020 631 1211 669 habuerat
1254 638 1401 668 turmas
1444 630 1621 679 equitum

293 695 436 744 quibus
466 695 661 734 inclusum
691 695 731 733 in
761 695 867 734 curia
896 702 1075 733 senatum
1110 694 1306 734 Salamine
1333 696 1552 741 obsederat,
1581 702 1624 733 ut

293 762 395 799 fame
423 768 621 799 senatores
649 761 824 810 quinque
854 768 1106 799 morerentur.
1168 762 1308 809 Itaque
1335 774 1418 810 ego,
1449 774 1528 810 quo
1558 760 1623 799 die

293 826 400 876 tetigi
422 826 674 876 provinciam,
698 840 789 864 cum
818 825 913 863 mihi
936 825 1068 875 Cyprii
1095 825 1211 875 legati
1233 826 1436 875 Ephesum
1464 825 1621 864 obviam
1644 840 1683 862 10

292 891 504 939 venissent,
525 891 669 929 litteras
699 890 787 929 misi
817 898 859 929 ut
889 890 1040 940 equites
1070 904 1117 929 ex
1146 890 1273 928 insula
1302 890 1432 929 statim
1459 892 1624 929 decede-

292 964 388 995 rent.
449 956 526 994 His
547 957 596 995 de
618 956 744 994 causis
765 957 884 994 credo
905 956 1107 1006 Scaptium
1127 956 1299 1006 iniquius
1320 957 1370 994 de
1391 970 1454 994 me
1474 956 1624 1006 aliquid

292 1023 343 1061 ad
379 1024 543 1060 Brutum
578 1021 786 1072 scripsisse.
851 1023 929 1060 Sed
963 1029 1096 1059 tamen
1134 1023 1211 1060 hoc
1250 1035 1336 1059 sum
1374 1021 1519 1060 animo.
1583 1021 1624 1060 Si

295 1088 437 1125 Brutus
476 1087 629 1137 putabit
668 1101 731 1125 me
769 1094 978 1136 quaternas
1025 1087 1259 1125 centesimas
1302 1087 1522 1137 oportuisse
1559 1089 1624 1126 de-

294 1166 461 1199 cernere,
503 1167 594 1191 cum
633 1160 715 1191 tota
744 1152 954 1202 ,provincia
992 1153 1163 1203 singulas
1203 1153 1452 1191 observarem
1489 1152 1622 1202 itaque
1645 1167 1681 1199 15

294 1219 501 1258 edixissem
542 1218 662 1268 idque
700 1218 818 1256 etiam
852 1218 1112 1257 acerbissimis
1145 1219 1453 1257 faeneratoribus
1485 1220 1625 1269 proba-

294 1292 407 1330 retur,
431 1284 461 1322 si
483 1285 765 1333 praefecturam
790 1284 1022 1334 negotiatori
1043 1285 1277 1333 denegatam
1298 1291 1491 1334 queretur,
1515 1285 1624 1334 quod

295 1363 367 1399 ego
388 1351 590 1398 Torquato
620 1356 754 1387 nostro
784 1349 823 1386 in
854 1357 922 1387 tuo
952 1349 1112 1395 Laenio,
1141 1349 1333 1399 Pompeio
1363 1349 1436 1399 ipsi
1466 1349 1506 1387 in
1536 1351 1621 1387 Sex.

295 1414 418 1453 Statio
450 1413 588 1464 negavi
622 1422 660 1452 et
690 1414 734 1452 iis
773 1414 949 1464 probavi,
979 1414 1010 1452 si
1045 1414 1196 1464 equites
1230 1416 1425 1453 deductos
1459 1416 1625 1453 moleste

295 1481 402 1526 feret,
437 1479 629 1530 accipiam
668 1479 854 1530 equidem
893 1481 1070 1518 dolorem
1115 1479 1212 1517 mihi
1250 1480 1361 1518 illum
1400 1480 1512 1518 irasci
1555 1481 1625 1519 sed
1646 1492 1685 1515 20

297 1547 421 1583 multo
461 1545 648 1583 maiorem
686 1559 768 1583 non
806 1558 891 1583 esse
929 1558 1020 1583 eum
1059 1546 1177 1583 talem
1216 1547 1371 1594 qualem
1412 1553 1622 1595 putassem.

255 1617 278 1656 7
300 1612 403 1649 Illud
425 1611 585 1660 quidem
606 1610 790 1648 fatebitur
810 1610 1000 1659 Scaptius,
1025 1624 1087 1648 me
1111 1610 1170 1647 ius
1191 1610 1349 1648 dicente
1370 1610 1443 1648 sibi
1465 1624 1625 1649 omnem

297 1676 503 1726 pecuniam
527 1690 573 1714 ex
593 1676 724 1714 edicto
744 1688 834 1714 meo
854 1675 1057 1713 auferendi
1073 1682 1308 1725 potestatem
1330 1675 1458 1713 fuisse.
1504 1677 1626 1715 Addo

297 1741 414 1780 etiam
450 1741 545 1779 illud
577 1741 686 1790 quod
713 1753 848 1778 vereor
878 1739 949 1778 tibi
982 1740 1056 1789 ipsi
1091 1747 1132 1778 ut
1163 1740 1340 1790 probem.
1401 1741 1626 1780 Consistere

297 1821 413 1846 usura
433 1806 569 1846 debuit
590 1820 691 1856 quae
711 1813 791 1844 erat
812 1805 852 1843 in
873 1805 1003 1844 edicto
1024 1819 1124 1844 meo.
1186 1808 1396 1856 Deponere
1417 1808 1626 1845 volebant:
1648 1822 1685 1853 25

298 1872 502 1923 impetravi
522 1886 544 1910 a
565 1872 785 1911 Salaminiis
806 1879 848 1910 ut
868 1872 1034 1910 silerent.
1082 1871 1250 1910 Veniam
1272 1872 1326 1910 illi
1348 1872 1509 1922 quidem
1531 1872 1627 1910 mihi

298 1940 506 1986 dederunt,
537 1939 606 1976 sed
641 1937 737 1988 quid
771 1937 817 1975 iis
856 1938 935 1984 fiet,
967 1937 997 1975 si
1031 1939 1109 1975 huc
1144 1939 1288 1975 Paulus
1321 1937 1501 1976 venerit?
1549 1938 1628 1976 Sed

299 2011 426 2042 totum
460 2004 536 2041 hoc
572 2005 693 2041 Bruto
727 2003 845 2050 dedi3
883 2002 949 2052 qui
983 2003 1033 2040 de
1072 2016 1135 2041 me
1168 2004 1218 2040 ad
1253 2010 1291 2041 te
1324 2002 1628 2041 humanissimas

298 2068 443 2107 litteras
478 2068 640 2118 scripsit,
674 2069 724 2106 ad
764 2081 826 2106 me
864 2074 1006 2114 autem,
1041 2066 1158 2105 etiam
1198 2081 1288 2105 cum
1323 2076 1432 2118 rogat
1465 2067 1626 2117 aliquid,

298 2132 596 2180 contumaciter,
625 2134 871 2182 adroganter,
901 2133 1161 2181 ἀκοινονοήτως
1195 2133 1293 2170 solet
1327 2132 1505 2171 scribere.
1564 2134 1627 2170 Tu
1648 2145 1689 2176 30

298 2206 430 2237 autem
460 2198 576 2236 velim
608 2199 658 2236 ad
690 2211 781 2236 eum
813 2197 958 2236 scribas
990 2198 1040 2235 de
1072 2197 1131 2235 his
1163 2198 1292 2243 rebus,
1322 2205 1365 2236 ut
1396 2197 1516 2236 sciam
1548 2211 1628 2247 quo

300 2266 422 2303 modo
448 2265 544 2302 haec
569 2263 736 2313 accipiat
751 2277 761 2310 3
793 2262 912 2301 facies
937 2262 1042 2301 enim
1070 2276 1133 2301 me
1158 2263 1374 2302 certiorem.

345 2376 364 2395 2
390 2366 493 2405 Atqui
521 2366 711 2405 Mirlaspz'na
864 2376 884 2405 5
920 2376 961 2396 ne
986 2365 1062 2396 add.
1088 2366 1181 2397 Man.
1318 2377 1359 2406 25
1384 2377 1470 2405 quae
1495 2370 1568 2397 erat
1595 2367 1628 2397 in

303 2409 413 2440 edicto
431 2420 505 2440 meo
521 2410 587 2441 secl.
615 2410 736 2450 Tyrrell
753 2421 758 2439 :
785 2409 886 2449 idque
907 2415 978 2440 erat
999 2410 1031 2439 in
1053 2411 1164 2441 edicto
1184 2421 1258 2441 meo
1281 2408 1465 2451 Sternkopf
1587 2420 1630 2449 30

302 2453 515 2494 ἀκοινωνὴτως
530 2453 612 2494 edd„
633 2454 690 2484 sed
702 2453 738 2494 cf
757 2453 828 2486 Iuv.
848 2453 902 2485 vii.
923 2454 986 2484 218
