1790 2837
134 129 166 170 I.
184 140 216 168 V
539 130 595 167 M.
632 128 802 166 TVLLI
834 126 1140 167 CICERONIS

179 242 364 282 omnibus
386 239 575 280 molestiis
597 246 634 278 et
654 238 854 277 laboribus
876 251 956 276 uno
983 237 1050 276 illo
1075 237 1115 275 in
1137 238 1228 277 loco
1258 236 1509 288 conquiesce-

135 311 159 347 8
181 322 278 345 mus.
352 306 547 355 Quintum
586 306 742 342 fratrem
781 303 926 341 cotidie
965 310 1247 352 exspectamus.
1324 303 1509 341 Terentia

181 385 344 421 magnos
364 371 615 409 articulorum
639 370 794 407 dolores
816 368 945 406 habet.
1006 369 1057 405 Et
1077 375 1115 405 te
1136 374 1174 405 et
1198 380 1370 405 sororem
1400 375 1508 406 tuam

179 444 216 475 et
239 444 402 474 matrem
424 435 592 473 maxime
613 433 738 483 diligit
758 434 1004 482 salutemque
1025 431 1096 470 tibi
1123 431 1330 481 plurimam
1351 431 1509 471 ascribit

179 509 217 541 et
239 501 410 540 Tulliola
434 500 598 539 deliciae
620 507 785 538 nostrae.
846 499 951 538 Cura
972 505 1014 536 ut
1034 498 1163 536 valeas
1185 504 1223 536 et
1243 510 1315 536 nos
1335 510 1443 536 ames
1470 504 1508 536 et
1528 509 1545 540 5

178 567 248 606 tibi
270 567 505 618 persuadeas
528 573 564 604 te
585 579 607 603 a
623 578 686 603 me
707 566 872 603 fraterne
892 562 1024 602 amari.

221 674 288 709 VI
506 676 575 708 Ser.
596 677 723 707 Romae
739 686 786 708 ex.
807 686 852 707 m.
874 675 947 706 Ian.
965 685 995 706 a.
1017 676 1081 715 687
1099 674 1179 716 (67).

595 754 770 785 CICERO
795 753 966 784 ATTICO
992 752 1089 783 SAL.

143 844 159 871 1
234 835 327 872 Non
348 832 593 872 committam
621 833 787 882 posthac
816 838 858 869 ut
886 844 948 868 me
972 843 1157 869 accusare
1184 831 1234 869 de
1255 828 1506 880 epistularum

180 899 426 949 neglegentia
446 898 597 949 possis3
627 905 668 935 tu
690 898 811 935 modo
838 896 971 935 videto
999 895 1038 933 in
1060 903 1169 934 tanto
1194 894 1275 933 otio
1305 902 1347 932 ut
1374 908 1443 944 par
1469 893 1508 932 in
1533 909 1570 931 10

179 966 255 1003 hoc
281 964 376 1002 mihi
402 963 463 1002 sis.
526 965 702 1001 Domum
735 961 989 1000 Rabirianam
1013 960 1193 1010 Neapoli,
1218 973 1336 1010 quam
1364 967 1405 997 tu
1431 958 1507 996 iam

178 1030 399 1068 dimensam
421 1037 458 1068 et
476 1028 771 1067 exaedificatam
792 1027 925 1065 animo
947 1026 1133 1073 habebas,
1153 1027 1209 1063 M.
1231 1025 1394 1063 Fontius
1415 1024 1509 1062 emit

181 1097 251 1134 Hs
282 1107 450 1133 ccciooo
470 1097 572 1132 ᾖ.
632 1095 681 1132 Id
703 1101 740 1131 te
761 1092 858 1131 scire
878 1091 994 1138 volui,
1019 1091 1049 1129 si
1071 1090 1168 1141 quid
1189 1092 1285 1129 forte
1313 1103 1358 1128 ea
1379 1103 1438 1128 res
1458 1091 1519 1137 ad*

135 1171 159 1198 2
180 1160 437 1210 cogitationes
463 1167 548 1197 tuas
575 1158 795 1209 pertineret.
856 1157 1029 1207 Quintus
1060 1158 1184 1203 frater,
1208 1164 1251 1194 ut
1280 1155 1377 1193 mihi
1406 1155 1510 1194 vide-

140 1252 144 1253 ν
180 1234 250 1272 tur,
275 1239 354 1275 quo
376 1227 556 1263 volumus
577 1223 711 1262 animo
732 1230 789 1261 est
817 1222 856 1260 in
879 1222 1140 1272 Pomponiam
1163 1229 1201 1260 et
1226 1235 1314 1259 cum
1338 1235 1383 1259 ea
1404 1234 1510 1259 nunc
1536 1237 1569 1268 ¹5

180 1290 220 1328 in
254 1290 510 1340 Arpinatibus
544 1288 712 1339 praediis
744 1295 824 1326 erat
859 1295 897 1326 et
931 1301 1065 1326 secum
1100 1287 1273 1325 habebat
1307 1286 1511 1324 hominem

179 1356 427 1408 χρηστομαθῆ
472 1357 520 1393 D.
562 1353 809 1392 Turranium.
869 1355 984 1391 Pater
1028 1352 1159 1403 nobis·
1186 1351 1355 1390 decessit
1396 1365 1430 1389 a.
1471 1346 1578 1389 d

181 1433 223 1459 lv
254 1423 342 1459 Kal.
378 1423 473 1459 Dec.

237 1489 351 1525 Haec
382 1486 579 1524 habebam
609 1486 688 1523 fere
716 1497 816 1534 quae
845 1491 883 1523 te
909 1483 1006 1522 scire
1026 1484 1178 1521 vellem.
1238 1483 1301 1519 Tu
1328 1481 1456 1528 velim,
1480 1480 1511 1519 si

182 1566 260 1602 qua
291 1558 522 1590 ornamenta
555 1551 794 1603 γυμινασιώδη
825 1549 992 1600 reperire
1022 1548 1168 1599 poteris
1199 1561 1299 1597 quae
1327 1546 1403 1584 loci
1435 1546 1511 1584 sint
1535 1562 1572 1583 20

181 1617 265 1655 eius
295 1629 413 1666 quem
445 1623 487 1653 tu
519 1629 599 1653 non
627 1615 792 1665 ignoras,
815 1628 865 1652 ne
894 1613 1190 1663 praetermittas.
1251 1613 1336 1649 Nos
1363 1613 1513 1649 Tuscu-

182 1683 273 1720 lano
295 1681 347 1719 ita
368 1682 609 1719 delectamur
630 1688 671 1718 ut
693 1679 892 1718 nobismet
914 1678 1007 1728 ipsis
1028 1686 1112 1716 tum
1133 1676 1306 1727 denique
1328 1690 1418 1714 cum
1445 1676 1512 1714 illo

182 1746 362 1785 venimus
384 1747 620 1795 placeamus.
683 1745 790 1794 Quid
811 1758 902 1794 agas
924 1743 1109 1782 omnibus
1136 1744 1186 1781 de
1213 1742 1329 1781 rebus
1351 1749 1389 1781 et
1416 1741 1511 1793 quid

182 1819 339 1851 acturus
361 1811 412 1850 sis
432 1812 493 1849 fac
515 1824 587 1849 nos
609 1824 727 1861 quam
749 1808 1047 1860 diligentissime
1069 1807 1262 1847 certiores.

226 1920 318 1956 VII
518 1923 588 1955 Ser.
609 1923 698 1953 Rom
713 1934 738 1953 rc
754 1926 827 1952 aule
843 1922 893 1953 Id.
910 1922 998 1953 Febr.
1021 1922 1084 1961 687
1102 1921 1187 1963 (67).
1535 1933 1572 1963 25

605 2004 775 2036 CICERO
796 2004 829 2034 Α
841 2004 978 2035 TTICO
1001 2003 1109 2035 SAL.

239 2086 358 2135 Apud
381 2091 543 2123 matrem
561 2092 665 2123 recte
682 2092 751 2131 est,
770 2097 895 2133 eaque
917 2083 1031 2122 nobis
1048 2096 1163 2121 curae
1184 2088 1252 2120 est.
1313 2083 1356 2120 L.
1373 2081 1513 2122 Cincio

186 2153 257 2189 Hs
279 2152 393 2188 fiel)
415 2150 600 2188 constitui
630 2164 693 2188 me
724 2156 948 2187 curaturum
972 2148 1110 2187 Idibus
1133 2148 1245 2186 Febr.
1304 2149 1367 2186 Tu
1397 2148 1513 2186 velim

233 2267 245 2286 1
273 2255 551 2295 conquiescemus
581 2254 658 2285 M1:
691 2255 848 2285 -escimus
874 2254 928 2284 M²
955 2254 1045 2294 vulg.
1230 2263 1249 2292 3
1275 2253 1333 2293 Et]
1361 2253 1409 2283 Ea
1433 2253 1511 2285 coni.

192 2299 379 2338 Wesenhmg
518 2309 554 2328 10
581 2299 613 2328 in
641 2299 703 2328 hoc
731 2302 776 2329 Σῐ
809 2309 873 2328 om.
901 2303 930 2328 Δ
1077 2307 1115 2326 12
1141 2296 1184 2328 M.
1216 2297 1356 2327 Fontius
1381 2296 1440 2328 M:
1468 2296 1512 2327 M.

188 2343 352 2373 Fontinus
371 2343 421 2373 Z:
447 2342 501 2373 Μ’.
526 2343 686 2372 Fonteius
707 2341 846 2372 Vrsinus
967 2351 1004 2380 17
1031 2340 1186 2371 discessit
1201 2339 1348 2381 Madvig,
1365 2339 1424 2370 sed
1442 2343 1514 2370 tum

187 2386 357 2427 legendum
375 2397 392 2416 a
411 2385 505 2415 nobis
523 2388 560 2415 nt
574 2386 621 2415 czt't
638 2385 736 2416 Orelli
