1790 2837
592 520 765 558 LIBER
803 518 1094 558 SECVNDVS

596 619 701 667 AD
753 617 1091 666 ATTICVM

217 760 244 798 Ῑ
538 762 608 795 Scr.
628 762 758 794 Romae
775 774 819 795 m.
837 763 913 795 Iun.
933 773 965 794 a.
988 763 1052 804 694
1072 761 1154 805 (6⁰).

584 851 761 883 CICERO
793 851 966 883 ATTICO
999 850 1097 883 SAL.

134 948 152 977 1
232 940 338 977 ΚΑΒ.
361 940 500 978 IUan
521 939 630 977 eunti
650 939 747 977 mihi
767 939 933 977 Antium
957 947 996 977 et
1019 937 1253 989 gladiatores
1275 939 1331 976 M.
1354 937 1507 976 Metelli

171 1005 317 1055 cupide
337 1002 574 1053 relinquenti
595 1001 701 1041 venit
722 1001 880 1041 obviam
902 1009 991 1041 tuus
1015 1016 1122 1053 puer.
1183 1004 1223 1041 Is
1244 1001 1341 1040 mihi
1361 1002 1506 1041 litteras

171 1070 242 1108 abs
272 1076 310 1107 te
337 1076 376 1107 et
406 1067 736 1107 commentarium
769 1068 997 1105 consulatus
1029 1066 1107 1105 mei
1135 1068 1286 1106 Graece
1316 1066 1505 1117 scriptum
1527 1075 1543 1107 5

170 1134 353 1174 reddidit.
416 1134 464 1171 In
489 1146 570 1182 quo
594 1133 758 1181 laetatus
780 1145 867 1169 sum
888 1145 952 1170 me
972 1131 1175 1181 aliquanto
1196 1139 1286 1170 ante
1307 1133 1357 1170 de
1379 1131 1504 1170 isdem

170 1199 287 1238 rebus
315 1200 465 1237 Graece
494 1196 589 1235 item
613 1196 802 1246 scripturn
829 1196 973 1235 librum
998 1198 1041 1234 L.
1066 1196 1251 1236 Cossinio
1277 1197 1328 1235 ad
1359 1204 1397 1235 te
1424 1210 1504 1247 per-

170 1264 377 1302 ferendum
404 1262 561 1302 dedisse
576 1276 586 1309 3
614 1275 707 1300 nam
728 1261 759 1299 si
780 1274 853 1311 ego
875 1269 986 1299 tuum
1006 1268 1098 1300 ante
1118 1260 1310 1310 legissem,
1334 1263 1504 1300 furatum

170 1342 233 1367 me
264 1329 335 1367 abs
370 1335 408 1366 te
438 1341 524 1366 esse
557 1326 718 1371 diceres.
779 1328 1035 1376 Quamquam
1070 1333 1136 1364 tua
1170 1326 1235 1364 illa
1270 1326 1362 1378 (legi
1396 1326 1502 1365 enim

169 1394 351 1443 libenter)
392 1392 593 1431 horridula
635 1391 732 1430 mihi
769 1399 888 1441 atque
927 1391 1131 1441 incompta
1168 1391 1251 1430 visa
1289 1400 1391 1439 sunt,
1432 1393 1502 1431 sed
1527 1404 1565 1425 10

168 1466 301 1497 tamen
325 1466 436 1497 erant
464 1465 602 1497 ornata
630 1459 707 1496 hoc
736 1456 823 1508 ipso
853 1458 963 1507 quod
991 1464 1223 1496 ornamenta
1252 1459 1503 1507 neglexerant

167 1531 217 1571 et,
241 1532 283 1562 ut
304 1524 496 1570 mulieres,
519 1514 611 1562 ideo
632 1523 734 1561 bene
761 1525 866 1562 olere
894 1523 986 1573 quia
1013 1523 1111 1561 nihil
1137 1523 1298 1562 olebant
1318 1523 1504 1561 videban-

168 1597 238 1628 tur.
301 1591 418 1627 Meus
446 1596 579 1627 autem
605 1587 702 1626 liber
729 1595 856 1626 totum
880 1588 1043 1626 Isocrati
1066 1587 1352 1637 myrothecium
1383 1595 1503 1638 atque

167 1654 297 1694 omnis
317 1653 400 1693 eius
421 1652 705 1703 discipulorum
725 1654 876 1691 arculas
903 1667 950 1691 ac
977 1667 1058 1691 non
1086 1653 1183 1691 nihil
1211 1653 1328 1692 etiam
1354 1653 1501 1691 Aristo-

167 1719 259 1758 telia
292 1718 493 1769 pigmenta
525 1717 781 1768 consumpsit.
843 1721 974 1768 Quem
1010 1726 1052 1757 tu
1085 1720 1289 1768 Corcyrae,
1326 1726 1368 1756 ut
1402 1717 1500 1756 mihi
1523 1727 1558 1759 ¹5

166 1784 251 1823 aliis
276 1783 411 1822 litteris
435 1782 643 1832 significas,
665 1783 827 1822 strictim
857 1784 1027 1834 attigisti,
1051 1791 1141 1834 post
1164 1791 1308 1830 autem,
1332 1791 1374 1822 ut
1403 1783 1501 1822 arbi-

167 1857 255 1895 tror,
278 1863 301 1887 a
322 1848 506 1889 Cossinio
525 1848 722 1898 accepisti.
786 1850 918 1898 Quem
944 1849 1015 1888 tibi
1036 1863 1109 1900 ego
1131 1863 1211 1887 non
1233 1863 1359 1887 essem
1381 1862 1499 1887 ausus

122 1925 146 1952 2
167 1914 319 1953 mittere
349 1913 424 1952 nisi
455 1927 545 1952 eum
573 1915 677 1953 lente
708 1929 754 1954 ac
785 1915 986 1954 fastidiose
1013 1915 1291 1965 probavissem.
1353 1915 1500 1963 Quam-

165 1993 285 2029 quam
305 1980 357 2017 ad
377 1992 440 2017 me
461 1979 656 2029 rescripsit
689 1980 767 2018 iam
799 1982 948 2019 Rhodo
976 1979 1213 2019 Posidonius
1238 1992 1292 2026 se,
1319 1986 1497 2017 nostrum

164 2045 261 2083 illud
281 2045 480 2094 ὑπόμνημα
499 2059 581 2084 cnm
604 2047 757 2096 legeret,
783 2047 891 2096 quod
912 2060 985 2096 ego
1005 2047 1055 2084 ad
1076 2059 1167 2084 eum
1189 2052 1231 2083 ut
1252 2044 1425 2083 ornatius
1447 2045 1497 2082 de
1520 2053 1559 2074 20

164 2110 290 2149 isdem
325 2110 441 2149 rebus
472 2111 657 2150 scriberet
691 2111 884 2158 miseram,
917 2125 999 2150 non
1026 2111 1148 2149 modo
1172 2124 1253 2148 non
1285 2109 1497 2148 excitatum

163 2189 248 2214 esse
286 2177 337 2214 ad
376 2176 629 2215 scribendum
669 2178 738 2215 sed
777 2176 895 2215 etiam
933 2177 1050 2226 plane
1087 2175 1326 2214 deterritum.
1388 2174 1497 2224 Quid

163 2242 347 2292 quaeris?
395 2242 627 2282 conturbavi
667 2244 859 2281 Graecam
899 2241 1112 2280 nationem.
1173 2242 1235 2279 Ita
1272 2242 1389 2290 vulgo
1428 2239 1497 2290 qui

207 2350 228 2378 6
253 2359 305 2379 me
324 2352 369 2380 2:
393 2359 458 2378 om.
480 2353 508 2379 Δ
623 2357 662 2387 19
686 2347 860 2385 rescripsit
880 2346 937 2377 M:
964 2346 1100 2386 scripsit
1118 2345 1146 2377 C
1258 2356 1300 2377 20
1324 2355 1399 2376 cum
1417 2344 1491 2376 add.

163 2392 251 2432 vulg.
389 2402 430 2422 22
455 2392 651 2423 deterritum
669 2390 810 2422 Lamb.:
836 2391 1053 2430 perterritum
1072 2390 1113 2420 M
