1817 2832
661 114 772 151 EPP.
806 113 882 150 AD
912 111 1170 150 ATTICVM
1553 108 1597 142 V.
1620 106 1666 142 vi

245 221 450 271 relinquas.
511 221 638 260 Avide
659 230 843 273 exspecto
859 230 945 261 tuas
965 221 1110 260 litteras
1131 226 1169 259 et
1190 217 1358 257 maxime
1379 224 1422 256 ut
1442 214 1568 255 norim

244 294 399 336 tempus
420 287 672 337 profectionis
694 295 793 327 tuae.

286 380 378 415 VII
586 385 656 417 Scr.
680 385 809 417 Tarenti
821 386 859 417 xi
871 386 912 416 K.
931 386 1006 416 Iun.
1026 395 1057 416 a.
1074 394 1129 424 703
1147 383 1231 425 (51).

661 445 834 476 CICERO
859 446 1029 476 ATTICO
1056 444 1155 475 SAL.

204 518 222 549 5
298 504 456 543 Cotidie
476 507 537 543 vel
557 505 687 556 potius
708 506 747 543 in
769 506 851 544 dies
879 506 1052 555 singulos
1073 503 1268 543 breviores
1295 502 1440 541 litteras
1461 502 1510 539 ad
1532 508 1568 538 te

242 569 381 617 mitto3
410 570 556 608 cotidie
583 571 687 608 enim
713 571 834 620 magis
861 570 1037 620 suspicor
1066 578 1104 607 te
1128 569 1168 606 in
1197 568 1360 618 Epirum
1388 567 1464 604 iam
1486 579 1569 616 pro—

241 635 399 671 fectum.
460 636 537 672 Sed
558 643 690 672 tamen
711 643 753 673 ut
774 636 1003 672 mandatum
1025 634 1124 672 scias
1144 647 1208 671 me
1229 646 1394 679 curasse,
1419 645 1498 680 quo
1519 631 1569 668 de

241 707 343 745 ante,
375 699 427 736 ait.
458 713 498 737 se
530 699 740 749 Pompeius
771 699 912 749 quinos
945 700 1161 749 praefectos
1192 699 1412 736 delaturum
1445 708 1569 733 novos

242 763 457 801 vacationis
478 763 702 801 iudiciariae
729 778 855 801 causa.
918 765 1003 813 Ego
1030 777 1121 801 cum
1143 762 1315 800 triduum
1343 774 1433 799 cum
1456 762 1569 798 Pom-

183 842 223 863 10
242 827 331 876 peio
352 835 390 865 et
417 829 522 877 apud
552 828 785 877 Pompeium
812 828 983 875 fuissem,
1007 828 1282 878 proficiscebar
1313 824 1567 863 Brundisium

241 905 272 929 a.
297 893 332 929 d.
367 904 409 929 xi
441 894 527 930 Kal.
562 892 705 930 Iunias.
766 893 903 932 Civem
930 893 1039 930 illum
1072 891 1268 942 egregium
1298 890 1567 939 relinquebam

241 964 278 993 et
298 958 349 994 ad
370 958 467 994 haec
488 971 588 1006 quae
613 957 798 995 timentur
818 958 1083 1007 propulsanda
1103 955 1401 1007 paratissimum.
1461 956 1567 992 Tuas

241 1020 385 1059 litteras
406 1023 643 1071 exspectabo
664 1036 755 1060 cum
776 1030 817 1060 ut
839 1022 934 1072 quid
954 1036 1045 1072 agas
1066 1030 1150 1060 tum
1171 1027 1216 1059 ul
1233 1020 1301 1059 ubi
1322 1020 1373 1058 sis
1394 1019 1525 1058 sciam.

282 1110 399 1145 VIII
480 1113 548 1144 Ser.
566 1113 729 1144 Brundisi
738 1114 770 1144 iv
786 1117 846 1144 aut
861 1114 897 1143 iii
911 1113 995 1145 Non.
1016 1114 1090 1144 Iun.
1110 1124 1138 1144 a.
1160 1123 1214 1153 703
1233 1112 1320 1154 (51).

183 1186 218 1217 15
650 1180 824 1210 CICERO
849 1179 1018 1210 ATTICO
1045 1179 1142 1210 SAL.

294 1242 363 1279 Me
383 1248 421 1279 et
441 1240 697 1279 incommoda
716 1243 911 1288 valetudo,
934 1255 952 1279 e
971 1255 1049 1291 qua
1068 1241 1146 1279 iam
1166 1254 1401 1279 emerseram
1428 1247 1565 1288 utpote
1586 1254 1601 1280 1

239 1319 329 1343 cum
351 1306 433 1344 sine
458 1306 555 1344 febri
582 1307 831 1354 laborassem,
855 1314 893 1344 et
923 1305 1123 1355 Pomptini
1144 1305 1382 1356 exspectatio
1408 1306 1458 1343 de
1485 1317 1565 1353 quo

237 1372 368 1408 adhuc
388 1384 438 1408 ne
465 1384 597 1408 rumor
621 1371 781 1420 quidem
802 1379 970 1419 venerat,
993 1371 1152 1409 tenebat
1176 1370 1459 1409 duodecimum
1486 1369 1563 1406 iam

237 1435 343 1473 diem
375 1435 583 1483 Brundisi3
613 1437 683 1474 sed
713 1449 869 1473 cursum
897 1436 1231 1485 exspectabamus.
1291 1437 1353 1472 Tu
1382 1434 1413 1472 si
1442 1435 1564 1472 modo
1583 1445 1607 1471 2

180 1514 218 1536 20
238 1514 278 1538 es
302 1502 454 1539 Romae
476 1501 554 1551 (vix
574 1501 679 1539 enim
706 1502 830 1551 puto),
855 1500 913 1539 sin
941 1515 991 1548 es,
1015 1502 1091 1538 hoc
1111 1502 1365 1538 vehementer
1390 1499 1565 1537 animad-

236 1574 361 1603 vertas
397 1564 524 1604 velim.
585 1567 715 1604 Roma
745 1580 975 1616 acceperam
1014 1565 1158 1603 litteras
1199 1565 1392 1603 Milonem
1431 1577 1563 1602 meum

236 1629 345 1679 queri
378 1643 447 1680 per
476 1630 620 1668 litteras
654 1630 835 1668 iniuriam
870 1644 999 1668 meam
1030 1631 1137 1679 quod
1167 1629 1400 1667 Philotimus
1436 1629 1565 1667 socius

235 1703 337 1733 esset
371 1694 410 1732 in
444 1695 560 1733 bonis
595 1695 685 1734 suis.
746 1696 795 1733 Id
829 1708 902 1744 ego
932 1695 985 1733 ita
1014 1694 1095 1733 fieri
1124 1694 1231 1732 volui
1261 1696 1311 1732 de
1339 1695 1383 1733 C.
1412 1694 1564 1732 Duroni

235 1760 428 1798 sententia
466 1774 585 1810 quem
627 1768 665 1798 et
706 1760 989 1798 amicissimum
1034 1760 1176 1798 Miloni
1215 1773 1487 1809 perspexeram
1527 1768 1565 1798 et

178 1838 215 1870 25
236 1826 352 1862 talem
386 1824 511 1862 virum
546 1826 702 1874 qualem
742 1833 783 1863 tu
822 1825 971 1863 iudicas
1012 1838 1235 1874 cognoram.
1297 1824 1392 1862 Eius
1431 1832 1562 1862 autem

235 1889 442 1927 consilium
477 1903 691 1939 meumque
724 1890 801 1928 hoc
833 1891 967 1937 fuerat,
1001 1889 1171 1939 primum
1210 1897 1253 1926 ut
1291 1888 1331 1926 in
1370 1897 1563 1939 potestate

234 1961 366 1991 nostra
396 1962 497 1991 esset
523 1967 596 2002 res,
617 1968 667 1992 ne
696 1954 805 1991 illum
836 1956 961 1991 malus
993 1962 1147 2002 emptor
1175 1953 1326 1991 alienus
1358 1953 1562 2003 mancipiis

235 2030 336 2066 quae
368 2019 561 2067 permulta
595 2031 728 2056 secum
763 2019 882 2056 habet
916 2018 1109 2067 spoliaret,
1144 2017 1289 2056 deinde
1323 2026 1365 2055 ut
1396 2020 1562 2057 Faustae

235 2081 329 2131 quoi
359 2090 516 2120 cautum
546 2082 610 2120 ille
641 2096 726 2121 esse
754 2082 941 2121 voluisset
971 2091 1097 2120 ratum
1132 2091 1244 2122 esset.
1319 2085 1413 2121 Erat
1442 2083 1559 2122 etiam

282 2179 299 2207 7
334 2179 400 2207 quo
427 2169 467 2199 de
492 2168 680 2199 Francken:
724 2170 813 2208 quod
846 2170 906 2199 M:
945 2175 1026 2208 quot
1057 2170 1150 2201 Man.
1329 2182 1349 2209 9
1373 2171 1561 2202 vacationis

238 2213 433 2243 iudiciariae
451 2222 551 2242 causa
570 2212 728 2252 Madvig:
752 2213 947 2243 vacationes
971 2213 1175 2244 iudiciariam
1198 2224 1330 2244 causam
1349 2214 1387 2243 M
1521 2224 1556 2244 11

237 2265 272 2286 xr
300 2255 482 2285 Corradus:
508 2254 664 2286 XI111M:
691 2265 754 2286 xm
783 2256 879 2286 Man.
906 2255 1059 2288 Schiche:
1098 2267 1147 2287 ΧΠ
1175 2257 1365 2297 Malaspina
1389 2257 1558 2288 Schmidt:

223 2299 306 2340 sort.
328 2308 362 2328 xi
382 2309 416 2328 H.
432 2308 442 2328 1
460 2299 514 2330 i.e.
533 2299 613 2328 hora
626 2300 738 2338 prima
754 2300 791 2337 qf.
810 2310 863 2330 xv.
882 2311 911 2338 4.
934 2310 947 2329 1
1073 2310 1110 2338 13
1135 2306 1171 2331 ut
1187 2300 1263 2331 add.
1283 2300 1384 2332 Rom.
1520 2302 1560 2331 16

236 2353 254 2371 e
274 2341 348 2372 add.
372 2342 457 2374 Crat.
549 2353 588 2372 21
618 2342 728 2372 Roma
745 2342 839 2374 Man.
860 2354 867 2374 :
893 2343 1002 2373 Rome
1020 2342 1080 2374 M:
1107 2344 1235 2374 Romae
1251 2344 1367 2374 Baiter
1429 2343 1559 2376 litteras

232 2385 300 2418 secl.
317 2385 432 2415 Baiter
539 2386 580 2415 28
604 2396 719 2416 secum
741 2389 811 2417 vett.
832 2397 838 2416 :
863 2396 982 2417 secura
1000 2386 1084 2417 codd.
1102 2386 1217 2418 Baiter

1411 2430 1472 2462 10*
