1790 2837
72 128 188 166 Lxx
515 131 571 168 M.
603 130 773 167 TVLLI
804 130 1110 169 CICERONIS

186 241 455 279 recedendum
485 253 617 290 neque
646 239 730 278 sine
759 239 902 278 nostris
934 239 1057 290 copiis
1089 241 1190 279 intra
1220 239 1378 279 alterius
1410 253 1518 291 prae·

186 304 286 343 sidia
306 304 559 352 veniendum,
583 312 621 343 et
648 304 679 342 is
705 306 755 343 de
783 318 863 354 quo
893 304 1029 343 scribis
1060 304 1157 343 nihil
1186 306 1306 344 habet
1326 307 1514 356 amplum,

185 368 281 406 nihil
303 370 512 415 excelsum,
535 369 633 407 nihil
657 383 739 408 non
766 369 1020 408 summissum
1046 377 1165 420 atque
1185 372 1384 420 populare.
1442 372 1518 408 Ve-

185 447 271 471 rum
298 441 430 472 tamen
458 433 530 472 fuit
560 433 658 472 ratio
685 433 782 472 mihi
808 435 970 473 fortasse
990 435 1041 473 ad
1062 434 1382 484 tranquillitatem
1412 448 1517 474 meo-

185 512 270 536 rum
301 506 524 549 temporum
555 513 636 537 non
670 498 828 545 inutilis,
862 500 932 537 sed
962 513 1026 537 me
1055 500 1213 537 hercule
1247 499 1301 538 rei
1334 499 1516 550 publicae
1537 518 1553 549 5

185 565 310 601 multo
331 563 449 602 etiam
470 563 602 602 utilior
622 578 741 614 quam
764 563 860 601 mihi
881 563 1026 602 civium
1053 563 1322 614 improborum
1346 565 1515 615 impetus

184 627 225 665 in
252 642 315 666 me
335 628 503 678 reprimi,
520 642 611 667 cum
633 629 805 667 hominis
826 628 1070 678 amplissima
1089 630 1256 675 fortuna,
1271 629 1512 676 auctoritate,

183 693 304 742 gratia
324 695 583 732 fluctuantem
604 694 840 732 sententiam
867 695 1163 732 confirmassem
1190 701 1228 731 et
1253 707 1277 731 a
1303 707 1372 744 spe
1398 696 1517 733 malo-

184 771 269 796 rum
289 760 340 797 ad
362 773 537 797 mearum
558 773 686 797 rerum
708 760 866 797 laudem
887 758 1178 797 convertissem.
1231 760 1352 807 Quod
1373 759 1404 797 si
1425 773 1516 798 cum

183 824 314 874 aliqua
345 824 501 863 levitate
540 824 636 862 mihi
672 824 898 862 faciendum
934 824 1079 870 fuisset,
1118 826 1267 862 nullam
1302 838 1383 862 rem
1419 825 1516 863 tanti
1538 841 1576 863 10

183 888 492 937 existimassem3
521 891 591 928 sed
617 897 748 928 tamen
768 903 791 927 a
812 903 875 927 me
899 889 953 927 ita
979 896 1070 928 sunt
1096 896 1183 927 acta
1208 889 1342 928 omnia
1367 903 1448 928 non
1473 898 1516 929 ut

184 967 255 1004 ego
290 953 343 991 illi
374 955 602 992 adsentiens
636 955 758 993 levior
792 956 861 993 sed
894 962 936 992 ut
971 954 1035 992 ille
1067 968 1131 992 me
1162 955 1334 1005 probans
1365 955 1517 1004 gravior

137 1026 160 1061 3
182 1018 387 1057 videretur.
460 1020 630 1069 Reliqua
663 1019 719 1058 sic
749 1033 773 1057 a
807 1033 870 1058 me
905 1027 1072 1069 aguntur
1103 1027 1141 1058 et
1172 1027 1336 1070 agentur
1366 1027 1408 1057 ut
1434 1034 1516 1058 non

182 1084 475 1123 committamus
505 1092 547 1123 ut
577 1098 623 1123 ea
652 1098 753 1135 quae
781 1085 973 1135 gessimus
1005 1084 1165 1123 fortuito
1193 1085 1358 1135 gessisse
1388 1084 1516 1123 videa-

183 1162 278 1187 mur.
340 1151 455 1188 Meos
476 1150 604 1188 bonos
625 1150 741 1197 viros,
761 1149 847 1188 illos
869 1164 968 1200 quos
997 1150 1203 1201 significas,
1226 1158 1264 1189 et
1285 1164 1371 1189 eam
1394 1164 1512 1200 quam
1535 1164 1571 1194 15

183 1213 278 1251 mihi
299 1214 396 1252 dicis
419 1214 606 1264 obtigisse
627 1216 802 1265 Σπάρταν
822 1230 902 1254 non
934 1217 1055 1254 modo
1086 1229 1303 1265 numquam
1334 1217 1513 1254 deseram

182 1280 252 1318 sed
283 1279 411 1327 etiam,
447 1280 477 1318 si
509 1294 583 1331 ego
615 1281 666 1319 ab
698 1281 764 1319 illa
793 1283 957 1328 deserar,
991 1290 1124 1320 tamen
1158 1281 1198 1319 in
1233 1295 1321 1320 mea
1352 1281 1514 1331 pristina

181 1345 374 1384 sententia
412 1348 665 1396 permanebO.
725 1348 830 1385 Illud
872 1355 1005 1386 tamen
1043 1347 1160 1386 velim
1199 1347 1410 1395 existimes,
1450 1361 1513 1386 me

181 1411 283 1449 hanc
315 1411 418 1449 viam
454 1412 686 1461 optimatem
719 1420 809 1462 post
845 1412 977 1452 Catuli
1009 1420 1176 1452 mortem
1211 1426 1285 1451 nec
1316 1412 1512 1462 praesidio

180 1477 260 1514 ullo
281 1489 354 1515 nec
375 1477 565 1515 comitatu
586 1485 729 1516 tenere.
792 1479 896 1516 Nam
917 1486 959 1516 ut
979 1478 1032 1516 ait
1055 1478 1245 1525 Rhinton,
1269 1485 1311 1516 ut
1332 1478 1482 1528 opinor,
1534 1490 1572 1510 20

367 1544 401 1581 οἱ
428 1545 496 1593 μὲν
523 1544 608 1593 παρ’
637 1545 741 1582 οὐδέν
770 1547 851 1590 εἶσι,
883 1547 960 1585 τοῖς
988 1544 1018 1582 δ’
1046 1544 1150 1583 οὐδὲν
1177 1546 1292 1594 μέλει.

180 1605 282 1644 Mihi
308 1620 400 1646 vero
427 1615 469 1646 ut
496 1607 698 1647 invideant
724 1609 921 1659 piscinarii
953 1609 1075 1648 nostri
1103 1616 1170 1647 aut
1198 1609 1366 1648 scribam
1395 1609 1446 1647 ad
1474 1616 1512 1647 te

176 1670 271 1709 alias
291 1679 357 1709 aut
378 1671 417 1709 in
438 1686 691 1722 congressum
715 1681 891 1712 nostrum
919 1674 1136 1712 reservabo.
1196 1675 1233 1712 A
1253 1673 1359 1712 curia
1378 1681 1511 1712 autem

177 1737 284 1774 nulla
319 1750 382 1775 me
415 1751 474 1775 res
509 1737 680 1785 divellet,
717 1740 777 1777 vel
810 1740 918 1789 quod
954 1739 1007 1777 ita
1037 1746 1188 1778 rectum
1219 1746 1278 1777 est
1308 1740 1369 1777 vel
1401 1740 1510 1789 quod

176 1801 293 1839 rebus
314 1801 411 1839 meis
433 1802 601 1841 maxime
624 1811 936 1843 consentaneum
959 1806 1020 1843 vel
1042 1805 1150 1855 quod
1171 1817 1194 1842 a
1214 1811 1352 1842 senatu
1373 1803 1510 1854 quanti
1530 1813 1569 1845 25

176 1866 268 1904 fiam
290 1866 452 1905 minime
473 1881 535 1906 me
556 1869 739 1918 paenitet.

131 1946 158 1983 4
233 1933 294 1969 De
315 1931 516 1981 Sicyoniis,
541 1941 583 1972 ut
604 1935 654 1973 ad
683 1942 721 1974 te
747 1936 881 1986 scripsi
908 1944 1035 1984 antea,
1057 1950 1138 1976 non
1160 1937 1328 1974 multum
1350 1935 1432 1986 spei
1453 1943 1512 1974 est

175 1996 215 2034 in
240 2004 403 2044 senatu;
434 2011 552 2037 nemo
579 2007 636 2038 est
663 2000 768 2039 enim
800 2001 907 2040 idem
935 2001 1002 2052 qui
1029 2009 1222 2052 queratur.
1294 2002 1386 2049 Qua
1409 2014 1449 2039 re
1479 2000 1511 2038 si

173 2061 214 2100 id
248 2070 464 2112 exspectas,
498 2065 659 2115 longum
696 2074 778 2115 est,
818 2067 894 2105 alia
927 2067 998 2114 via,
1033 2067 1063 2105 si
1098 2080 1176 2117 qua
1209 2073 1335 2117 potes,
1366 2078 1507 2116 pugna.

174 2127 278 2166 Cum
310 2135 368 2166 est
400 2136 544 2177 actum,
581 2144 711 2181 neque
745 2131 1063 2171 animadversum
1095 2139 1153 2170 est
1184 2133 1235 2170 ad
1267 2144 1367 2181 quos
1398 2130 1511 2180 perti·
1530 2138 1570 2168 30

219 2242 237 2270 5
263 2232 338 2273 sed]
361 2238 394 2264 et
412 2233 497 2264 Boot
597 2236 617 2264 6
640 2234 762 2265 civium
784 2234 961 2265 CEHOP:
982 2245 1054 2265 cum
1069 2234 1111 2265 Μ
1200 2245 1233 2264 11
1262 2234 1510 2265 existimassem

175 2275 260 2306 codd.
279 2287 285 2306 z
313 2277 548 2307 aestimassem
566 2277 724 2308 Sclzmalz
800 2283 910 2308 tamen
929 2289 992 2310 om.
1009 2278 1061 2309 M¹
1154 2288 1196 2309 20
1221 2279 1375 2308 Rhinton
1393 2279 1480 2318 vulg.
1503 2290 1510 2308 z

176 2319 325 2349 Phinton
345 2319 405 2350 M:
433 2321 566 2351 Philton
585 2321 722 2361 Hilberg
737 2321 794 2361 (sc.
811 2327 952 2362 persona
976 2333 1014 2353 ex
1028 2322 1232 2353 Philemonis
1248 2321 1451 2362 ‘Thesauros
1469 2321 1506 2361 cf.

175 2362 361 2393 Philtonem
380 2364 473 2404 apud
486 2365 604 2395 Plauti
620 2367 627 2382 ‘
644 2365 884 2396 Trimammium
896 2366 918 2405 'J
1053 2367 1095 2396 28
1119 2365 1224 2406 idem]
1240 2365 1304 2396 iam
1321 2365 1408 2405 vulg.
