1790 2837
127 823 163 846 10

573 118 686 157 EPP.
718 118 796 156 AD
826 116 1086 157 ATTICVM
1141 121 1145 123 “
1503 116 1556 154 ΙΙ.
1580 115 1658 154 xvi

182 227 319 267 litteris
348 227 566 278 scripseras,
591 241 644 278 ex¹
663 227 840 266 familiari
871 235 909 266 te
933 227 1035 265 illius
1061 225 1218 266 audisse
1247 227 1441 277 prolatum
1466 226 1510 264 iri

181 293 331 343 aliquid
370 294 479 343 quod
513 306 632 331 nemo
666 292 915 342 improbaret,
953 291 1078 329 maius
1111 291 1260 341 aliquid
1292 291 1508 330 timueram.

184 360 277 397 Hoc
298 357 394 396 mihi
415 357 497 396 eius
519 357 627 396 modi
654 371 735 396 non
755 357 972 396 videbatur.
1033 355 1189 394 Deinde
1210 363 1252 394 ut
1273 369 1334 394 me
1355 363 1512 406 egomet

183 424 372 470 consoler,
415 422 544 461 omnis
583 422 823 472 exspectatio
852 420 1064 471 largitionis
1102 410 1272 470 agrariae
1303 420 1342 458 in
1374 434 1509 471 agrum

184 489 434 537 Campanum
456 487 610 525 videtur
638 500 723 525 esse
752 486 934 532 derivata,
958 486 1024 536 qui
1054 499 1152 535 ager,
1176 493 1218 523 ut
1248 486 1350 524 dena
1379 485 1510 535 iugera

183 552 273 599 sint,
294 566 374 592 non
404 552 572 603 amplius
596 551 777 590 homines
805 551 979 601 quinque
1004 550 1110 588 milia
1136 558 1265 600 potest
1294 550 1510 597 sustinere;

184 617 332 666 reliqua
366 617 495 656 omnis
530 616 742 655 multitudo
775 617 826 654 ab
860 615 934 653 illis
968 615 1210 653 abalienetur
1243 628 1403 654 necesse
1441 623 1509 654 est.

186 683 390 720 Praeterea
419 681 451 720 si
482 683 561 719 ulla
586 694 645 719 res
677 688 735 719 est
765 694 866 730 quae
896 681 1091 718 bonorum
1121 679 1274 717 animos
1305 693 1403 729 quos
1436 680 1512 717 iam

184 746 300 785 video
331 760 416 785 esse
447 754 669 785 commotos
699 744 971 783 vehementius
1003 743 1126 794 possit
1159 743 1382 791 incendere,
1416 745 1513 782 haec

184 820 288 849 certe
318 819 376 849 est
405 819 443 849 et
473 825 521 850 eo
551 810 673 860 magis
703 811 812 860 quod
841 808 1022 859 portoriis
1052 808 1188 847 Italiae
1218 808 1391 856 sublatis,
1421 822 1513 858 agro

185 876 392 925 Campano
413 875 548 922 diviso,
573 876 681 925 quod
701 874 865 925 vectigal
887 882 1061 924 superest
1082 873 1344 912 domesticum
1366 880 1515 923 praeter

183 939 469 978 vicensimam?
507 953 608 989 quae
640 939 736 977 mihi
766 938 920 977 videtur
953 952 1032 976 una
1061 937 1314 976 contiuncula
1343 939 1513 976 clamore

184 1004 491 1055 pedisequorum
530 1013 751 1042 nostrorum
791 1017 876 1042 esse
914 1003 1093 1054 peritura.
1152 1004 1312 1041 Gnaeus
1351 1002 1555 1053 quidem2

185 1078 317 1108 noster
346 1070 423 1108 iam
453 1071 570 1119 plane
599 1069 695 1119 quid
725 1068 869 1118 cogitet
898 1068 1056 1116 nescio,

425 1147 534 1196 φυσᾷ
560 1147 633 1197 γὰρ
661 1147 704 1183 οὗ
732 1146 948 1194 σμικροῖσιν
975 1145 1168 1184 αὐλίσκοις
1197 1144 1258 1191 ἔτι,

427 1209 515 1249 ἀλλ’
545 1211 689 1263 ἀγρίαις
717 1210 879 1259 φύσαισι
908 1211 1091 1260 φορβειᾶς
1119 1211 1216 1260 ἄτερ·

185 1285 252 1336 qui
282 1286 444 1336 quidem
466 1286 583 1325 etiam
605 1286 705 1325 istuc
725 1286 871 1325 adduci
891 1286 1071 1336 potuerit.
1133 1288 1237 1324 Nam
1266 1286 1397 1325 adhuc
1417 1286 1514 1324 haec

186 1353 397 1400 ἐσοφίζετο,
427 1365 468 1390 se
495 1353 599 1402 leges
632 1351 810 1391 Caesaris
837 1352 1012 1402 probare,
1042 1351 1218 1389 actiones
1250 1350 1378 1401 ipsum
1409 1364 1515 1400 prae-

185 1426 286 1456 stare
306 1418 451 1456 debere
466 1433 475 1465 3
505 1417 694 1467 agrariam
724 1418 850 1467 legem
880 1416 954 1454 sibi
980 1416 1183 1466 placuisse,
1207 1415 1376 1466 potuerit
1403 1416 1514 1454 inter-

128 1499 142 1520 2
185 1482 274 1521 cedi
309 1496 435 1520 necne
474 1482 571 1520 nihil
609 1483 660 1520 ad
699 1496 741 1520 se
781 1481 999 1532 pertinere3
1042 1482 1092 1519 de
1127 1494 1216 1530 rege
1245 1480 1514 1519 Alexandrino

185 1546 378 1597 placuisse
405 1546 479 1585 sibi
505 1547 719 1596 aliquando
741 1546 884 1584 confici
901 1560 911 1594 3
939 1546 1104 1584 Bibulus
1126 1546 1176 1584 de
1196 1547 1306 1583 caelo
1333 1552 1416 1583 tum
1441 1558 1515 1583 ser-

184 1619 312 1650 vasset
343 1624 469 1649 necne
501 1611 575 1649 sibi
609 1613 880 1661 quaerendum
914 1624 996 1649 non
1027 1610 1145 1648 fuisse
1160 1624 1170 1657 ,·
1212 1611 1263 1648 de
1294 1609 1513 1659 publicanis

185 1676 354 1715 voluisse
374 1675 429 1713 illi
450 1675 578 1714 ordini
598 1677 852 1714 commodare
869 1690 877 1722 ;
904 1675 1001 1725 quid
1021 1676 1194 1712 futurum
1211 1673 1324 1712 fuerit
1345 1673 1375 1711 si
1398 1673 1515 1712 Bibu-

185 1743 245 1779 lus
276 1749 360 1779 tum
391 1740 431 1778 in
465 1742 593 1779 forum
628 1740 898 1779 descendisset
932 1753 974 1778 se
1008 1739 1182 1778 divinare
1213 1752 1294 1777 non
1327 1738 1512 1788 potuisse.

150 1823 163 1853 .'
187 1807 305 1844 Nunc
325 1818 427 1852 vero,
453 1805 773 1855 Sampsicerame,
797 1804 893 1854 quid
921 1804 1059 1843 dices?
1088 1803 1251 1853 vectigal
1275 1811 1312 1841 te
1333 1803 1448 1841 nobis
1475 1803 1514 1841 in

186 1879 322 1909 monte
356 1871 588 1910 Antilibano
627 1871 888 1918 constituisse,
929 1870 1009 1920 agri
1048 1869 1243 1920 Campani
1279 1869 1515 1908 abstulisse?

187 1936 329 1985 Quid?
357 1937 434 1974 hoc
455 1950 574 1986 quem
594 1938 645 1975 ad
671 1937 835 1974 modum
860 1935 1088 1974 obtinebis?
1147 1938 1155 1954 ‘
1172 1935 1391 1985 Oppressos
1420 1948 1490 1972 vos
1506 1935 1514 1951 ²

186 2000 314 2050 inquit
339 2001 505 2038 ‘tenebo
533 2000 702 2039 exercitu
728 1999 929 2040 Caesaris]
987 2001 1079 2038 Non
1108 2013 1171 2037 me
1194 2001 1351 2038 hercule
1380 2013 1444 2037 me
1473 2007 1515 2037 tu

188 2065 349 2114 quidem
370 2072 450 2102 tarn
471 2065 545 2103 isto
566 2064 736 2103 exercitu
758 2078 875 2114 quam
898 2063 1054 2113 ingratis
1074 2063 1215 2101 animis
1236 2077 1371 2102 eorum
1392 2063 1516 2102 homi-

131 2144 143 2155 *
188 2143 284 2167 num
311 2129 378 2178 qui
404 2131 648 2179 appellantur
668 2128 775 2175 boni,
798 2129 865 2178 qui
892 2128 988 2166 mihi
1009 2142 1088 2166 non
1110 2129 1231 2167 modo
1251 2128 1515 2178 praemiorum

232 2241 252 2271 3
276 2236 410 2270 egomet
441 2230 468 2261 C
492 2230 632 2261 Lamb.:
667 2241 731 2270 ego
757 2230 843 2261 codd.
1014 2233 1035 2260 6
1058 2231 1216 2260 homines
1242 2229 1303 2261 M:
1342 2230 1514 2261 hominurn

190 2275 230 2305 ᾹΙ
252 2276 394 2313 (mmg.)
421 2274 523 2314 vulg,
551 2274 608 2304 sed
635 2276 670 2312 cf.
702 2274 876 2303 Hellmullz
913 2273 1035 2304 ‘Uebcr
1056 2274 1104 2304 die
1125 2273 1269 2314 Spraclze
1299 2273 1353 2303 des
1387 2273 1513 2311 Galba,’

184 2318 383 2358 'lViirsbutg
410 2322 606 2357 progr-amm
638 2317 729 2355 1888,
754 2321 786 2355 j).
821 2326 855 2355 14
1013 2327 1048 2356 17
1073 2318 1193 2347 adduci
1218 2316 1254 2348 I:
1287 2317 1397 2348 addici
1423 2316 1511 2348 codd.

185 2362 345 2402 plerique:
371 2362 458 2391 adici
476 2360 526 2390 N:
553 2359 642 2399 adigi
659 2359 836 2390 Lclzmcmn
