1790 2837
560 134 674 172 EPP.
706 134 785 171 AD
814 134 1076 173 ATTICVM
1497 135 1527 173 Ι.
1547 136 1654 173 xviii

182 250 251 283 aut
269 243 389 283 iocari
404 243 526 283 libere
545 251 612 283 aut
632 245 824 295 suspirare
839 245 1077 284 familiariter
1091 244 1299 296 possimus.
1359 246 1450 294 Qua
1469 259 1509 284 re

182 317 220 347 te
251 316 533 359 exspectamus,
563 317 601 348 te
631 310 909 356 desideramus,
940 318 978 348 te
1008 309 1086 347 iam
1116 310 1234 348 etiam
1263 310 1506 349 arcessimus.

183 374 313 411 Multa
332 381 424 412 sunt
449 374 555 412 enirn
573 388 674 424 quae
694 388 757 412 me
778 374 989 412 sollicitant
1008 382 1261 424 anguntque3
1291 388 1392 424 quae
1413 374 1509 412 mihi

181 437 316 476 videor
345 438 448 476 auris
482 447 619 476 nactus
654 446 740 476 tuas
774 439 889 476 unius
922 438 1201 477 ambulationis
1235 452 1416 477 sermone
1449 453 1510 478 ex-

144 519 160 549 5
182 502 335 541 haurire
355 516 481 553 posse.
1027 510 1033 513 '

234 568 295 605 Ac
324 567 631 606 domesticarum
662 567 822 618 quidem
850 567 1160 606 sollicitudinum
1189 569 1348 607 aculeos
1377 568 1505 607 omnis
1525 577 1550 604 2

181 639 220 670 et
259 634 462 682 scrupulos
502 633 711 672 occultabo
751 646 881 683 neque
920 646 992 682 ego
1031 633 1123 671 huic
1161 633 1352 684 epistulae
1390 641 1508 684 atque

182 696 318 747 ignoto
338 698 542 736 tabellario
562 697 818 736 committam.
877 699 1010 747 Atque
1034 697 1074 736 hi
1096 697 1206 749 (nolo
1231 698 1337 736 enim
1365 705 1402 737 te
1429 712 1511 749 per-

183 761 348 811 moveri)
373 776 454 800 non
481 770 572 800 sunt
598 762 833 812 permolesti‚
863 763 932 800 sed
958 770 1089 801 tamen
1114 762 1286 801 insident
1311 770 1348 802 et
1373 771 1510 813 urgent

125 842 163 864 10
183 834 222 865 et
251 826 395 865 nullius
421 826 588 865 amantis
616 827 781 865 consilio
807 834 875 865 aut
899 840 1079 865 sermone
1106 827 1381 877 requiescunt3
1410 827 1450 865 in
1471 841 1510 865 re

182 890 342 941 publica
367 905 469 937 vero,
502 905 742 941 quamquam
772 891 927 929 animus
957 899 1015 929 est
1045 905 1238 941 praesens,
1262 899 1394 930 tamen
1418 896 1511 931 †vo-

183 957 312 993 luntas
339 956 457 994 etiam
484 964 603 1005 atque
633 955 750 993 etiam
779 955 863 1005 ipsa
890 955 1087 994 medicina
1116 956 1274 994 efficit†.
1335 958 1439 994 Nam
1468 964 1510 995 ut

183 1033 230 1057 ea
258 1020 426 1059 breviter
452 1034 553 1070 quae
577 1028 667 1070 post
691 1028 803 1058 tuum
831 1020 1047 1058 discessum
1075 1028 1162 1059 acta
1186 1028 1276 1059 sunt
1301 1021 1506 1071 conligam,

184 1085 260 1122 iam
291 1087 485 1123 exclames
515 1099 677 1123 necesse
709 1093 767 1123 est
798 1098 858 1123 res
890 1086 1091 1123 Romanas
1122 1085 1268 1124 diutius
1299 1093 1398 1124 stare
1429 1100 1509 1124 non

126 1164 161 1195 15
183 1164 309 1201 posse.
370 1150 531 1188 Etenim
557 1157 647 1201 post
671 1150 954 1200 profectionem
984 1157 1090 1188 tuam
1113 1150 1270 1200 primus,
1294 1158 1337 1188 ut
1357 1151 1507 1201 opinor,

183 1215 363 1254 introitus
401 1216 473 1254 fuit
511 1215 551 1253 in
591 1229 749 1254 causam
788 1216 943 1254 fabulae
979 1215 1209 1262 Clodianae,
1246 1215 1286 1253 in
1325 1229 1403 1265 qua
1436 1229 1509 1265 ego

182 1289 332 1328 nactus,
355 1289 397 1319 ut
421 1281 518 1319 mihi
538 1281 709 1327 videbar,
733 1282 864 1319 locum
893 1282 1129 1319 resecandae
1154 1280 1327 1319 libidinis
1349 1289 1386 1319 et
1406 1294 1510 1319 coer-

183 1348 334 1385 cendae
377 1346 589 1385 iuventutis
632 1348 845 1384 vehemens
884 1346 936 1384 fui
976 1354 1014 1384 et
1053 1346 1182 1383 omnis
1230 1346 1386 1396 profudi
1421 1346 1509 1384 viris

183 1411 305 1450 animi
325 1419 443 1461 atque
464 1410 595 1461 ingeni
620 1410 697 1449 mei
725 1424 805 1448 non
830 1410 923 1449 odio
948 1412 1143 1468 adductus
1164 1410 1328 1448 alicuius
1349 1412 1419 1449 sed
1441 1424 1508 1461 spe

125 1493 165 1514 20
184 1476 437 1526 corrigendae
462 1484 501 1515 et
527 1477 725 1514 sanandae
753 1475 928 1513 civitatis.
988 1475 1161 1513 Adflicta
1187 1489 1247 1513 res
1273 1476 1431 1525 publica
1451 1483 1509 1514 est
1530 1489 1552 1524 3

184 1549 319 1592 empto
340 1548 674 1591 constupratoque
704 1540 861 1578 iudicio.
920 1540 1024 1578 Vide
1045 1553 1146 1589 quae
1167 1539 1243 1578 sint
1263 1548 1400 1590 postea
1420 1553 1510 1578 con-

184 1615 327 1646 secuta.
388 1608 538 1646 Consul
566 1614 624 1645 est
655 1605 861 1656 impositus
887 1604 919 1642 is
943 1604 1057 1642 nobis
1082 1618 1201 1654 quem
1221 1618 1340 1642 nemo
1361 1613 1511 1654 praeter

185 1686 257 1711 nos
287 1672 545 1723 philosophos
575 1671 749 1721 aspicere
781 1670 864 1708 sine
887 1669 1070 1719 suspiritu
1101 1677 1243 1719 posset.
1304 1671 1508 1718 Quantum

183 1739 260 1776 hoc
286 1740 450 1776 vulnus!
481 1739 584 1776 facto
616 1745 773 1775 senatus
807 1737 988 1774 consulto
1014 1736 1064 1773 de
1093 1735 1255 1782 ambitu,
1279 1736 1328 1773 de
1357 1734 1510 1773 iudiciis

127 1814 164 1846 25
184 1805 290 1841 nulla
306 1805 367 1841 lex
386 1805 543 1853 perlata,
563 1803 776 1853 exagitatus
794 1809 962 1847 senatus,
983 1800 1140 1838 alienati
1157 1799 1307 1849 equites
1326 1799 1507 1838 Romani.

184 1869 247 1907 Sic
277 1869 341 1907 ille
367 1882 493 1907 annus
524 1870 604 1907 duo
635 1870 881 1906 firmamenta
913 1866 966 1905 rei
997 1865 1178 1916 publicae
1202 1878 1271 1914 per
1297 1878 1360 1902 me
1386 1878 1509 1902 unum

184 1933 396 1971 constituta
425 1933 586 1980 evertit3
616 1947 708 1971 nam
738 1940 777 1971 et
804 1940 962 1970 senatus
993 1930 1266 1969 auctoritatem
1300 1929 1443 1967 abiecit
1473 1937 1510 1967 et

185 1998 368 2037 ordinum
389 1998 643 2037 concordiam
669 1996 846 2036 diiunxit.
909 1998 1034 2034 Instat
1062 1995 1126 2032 hic
1157 2008 1262 2032 nunc
1292 1993 1355 2031 ille
1384 2006 1509 2031 annus

185 2062 370 2112 egregius.
431 2062 525 2100 Eius
555 2062 709 2100 initium
731 2062 813 2100 eius
836 2060 944 2099 modi
965 2059 1036 2097 fuit
1057 2067 1099 2097 ut
1120 2058 1382 2097 anniversaria
1403 2072 1510 2096 sacra

128 2137 168 2167 30
187 2127 403 2165 Iuventatis
433 2141 514 2166 non
543 2127 905 2173 committerentur3
946 2138 1037 2162 nam
1078 2126 1133 2162 M.
1168 2123 1322 2161 Luculli
1350 2137 1509 2162 uxorem

228 2232 249 2261 8
265 2230 369 2269 Atqui
381 2230 495 2260 Baiter
564 2240 610 2267 11,
630 2240 667 2260 12
684 2231 838 2260 voluntas
850 2253 856 2259 .
874 2253 881 2260 .
896 2252 903 2259 .
920 2228 992 2266 ipsa
1006 2238 1057 2256 me
1073 2227 1185 2257 deficit
1202 2226 1300 2256 Vis-n:
1325 2226 1463 2257 vulnus.
1477 2251 1484 2257 .
1499 2250 1505 2256 .

186 2275 258 2314 ipsa
274 2275 441 2304 medicina
457 2274 556 2304 efficit
574 2273 756 2313 Sternkopf
765 2273 828 2302 Leo
918 2272 956 2301 18
981 2270 1041 2310 sui]
1062 2270 1134 2300 ssavi
1148 2269 1245 2299 Klotz
1262 2273 1438 2308 uunquam
1452 2270 1460 2286 ⁴
1471 2280 1511 2299 ex

185 2317 249 2348 cod.
272 2317 371 2347 Crat.'
526 2326 575 2356 19,
593 2327 635 2346 20
658 2327 719 2355 spe
737 2327 805 2346 non
823 2314 1046 2353 corrigendae
1064 2313 1125 2343 sed
1142 2313 1314 2343 sanandae
1331 2310 1370 2343 ΖΖ
1387 2312 1476 2342 Rom
1493 2311 1512 2342 I

186 2370 226 2398 23
251 2360 394 2399 suspirio
412 2363 483 2390 vett.
586 2360 691 2399 possit
709 2360 785 2390 coni.
806 2358 928 2389 Miillcr
1012 2359 1054 2387 26
1077 2356 1133 2386 ille
1149 2356 1216 2387 secl.
1236 2355 1348 2386 Baiter

229 2414 290 2434 cic.
311 2413 358 2433 AD
378 2412 451 2433 Αττ.
1403 2399 1423 2428 3
