1817 2832
659 93 771 130 EPP.
804 93 882 130 AD
911 92 1170 132 ATTICVM
1494 93 1611 133 VIII.
1636 95 1681 132 xi

257 210 390 242 noster
417 203 559 250 Attice,
583 216 663 241 non
692 203 887 242 hariolans
916 210 958 242 ut
984 202 1049 242 illa
1077 202 1140 242 cui
1173 217 1291 242 nemo
1320 203 1486 243 credidit
1515 205 1585 243 sed

257 268 482 307 coniectura
503 268 754 318 prospiciens,

312 334 502 382 ‘Iamque
523 333 617 371 mari
640 347 782 383 magno
802 356 852 362 -—

255 410 337 436 non
367 400 501 444 multo,
533 398 705 448 inquam,
738 412 849 437 secus
884 412 1044 449 possum
1075 398 1285 437 vaticinari.
1343 401 1472 438 Tanta
1506 413 1583 438 ma-

217 475 234 506 5
255 464 381 500 lorum
403 463 605 512 impendet
620 464 742 503 Ἰλιάς.
802 465 934 513 Atque
960 465 1035 502 hoc
1064 472 1194 502 nostra
1217 464 1366 514 gravior
1387 472 1443 503 est
1465 479 1581 503 causa

253 527 320 576 qui
352 527 460 565 domi
495 541 628 565 sumus
658 541 775 577 quam
809 527 963 566 illorum
997 528 1063 578 qui
1093 542 1171 566 una
1200 528 1442 575 transierunt,
1470 531 1577 580 quod

253 591 306 628 illi
342 590 441 644 [qui]
480 594 643 630 alterum
682 600 871 638 metuunt,
912 606 984 631 nos
1022 601 1241 642 utrumque.
1303 595 1405 633 ‘Cur
1443 594 1620 644 igitur'4

252 655 382 705 inquis
407 656 736 695 ‘remansimus?'
792 658 866 694 Vel
896 656 965 695 tibi
992 657 1191 707 paruimus
1215 659 1275 695 vel
1305 671 1384 695 non
1414 659 1577 696 occurri-

254 733 340 758 mus
372 722 431 758 vel
466 722 541 759 hoc
580 721 650 759 fuit
688 721 839 760 rectius.
913 721 1158 767 Conculcari,
1192 721 1363 771 inquam,
1397 722 1577 761 miseram

197 800 235 822 10
255 785 408 823 Italiam
430 785 581 823 videbis
606 785 781 835 proxima
806 793 952 824 aestate
973 790 1091 835 †qaut
1118 785 1319 835 utriusque
1343 786 1406 825 in’r
1436 787 1579 826 manci-

252 850 325 900 piis
359 864 406 888 ex
437 850 545 888 omni
583 864 724 900 genere
762 849 961 897 conlectis,
995 863 1068 888 nec
1107 857 1186 887 tam
1218 850 1363 900 †iptio†
1401 851 1578 901 pertime—

252 916 408 961 scenda,
441 928 542 964 quae
582 914 768 952 Luceriae
800 914 930 952 multis
960 914 1205 952 sermonibus
1235 915 1465 954 denuntiata
1494 930 1577 955 esse

251 978 401 1026 dicitur,
444 993 561 1029 quarn
600 979 869 1019 †universam†
911 979 1097 1017 interitus.
1174 981 1321 1017 Tantas
1361 979 1400 1018 in
1446 981 1577 1019 confli-

250 1045 380 1093 gendo
414 1044 615 1093 utriusque
653 1044 741 1081 viris
775 1043 890 1082 video
924 1045 1080 1081 futuras.
1141 1044 1279 1082 Habes
1310 1045 1575 1084 coniecturam

24 1082 28 1164 i
195 1121 229 1152 ¹5
252 1121 390 1146 meam.
449 1110 511 1146 Tu
531 1116 661 1146 autem
683 1108 962 1146 consolationis
983 1109 1143 1146 fortasse
1162 1108 1311 1158 aliquid
1331 1109 1572 1160 exspectasti.

22 1166 27 1276 Ι
251 1173 359 1210 Nihil
398 1173 566 1220 invenio,
598 1173 694 1211 nihil
732 1172 813 1211 fieri
851 1180 980 1222 potest
1019 1172 1205 1219 miserius,
1243 1173 1339 1212 nihil
1373 1174 1571 1224 perditIus‚

249 1237 345 1275 nihil
375 1238 537 1276 foedius

303 1304 425 1351 Quod
454 1303 606 1352 quaeris
636 1302 731 1353 quid
758 1303 902 1342 Caesar
927 1304 977 1341 ad
1005 1316 1067 1341 me
1087 1302 1291 1352 scripserit,
1315 1305 1423 1353 quod
1444 1317 1572 1354 saepe,
1592 1313 1616 1353 5

247 1367 508 1416 gratissimum
536 1368 609 1406 sibi
639 1382 723 1406 esse
750 1369 857 1417 quod
886 1367 1061 1417 quierim,
1084 1375 1247 1417 oratque
1276 1367 1315 1405 in
1345 1381 1392 1406 eo
1422 1376 1463 1406 ut
1492 1383 1573 1418 per-

191 1449 229 1470 20
248 1445 431 1470 severem.
493 1434 639 1471 Balbus
660 1432 787 1470 minor
807 1433 904 1470 haec
928 1433 1066 1470 eadem
1088 1433 1283 1470 mandata.
1343 1434 1421 1471 Iter
1440 1442 1571 1472 autem

247 1496 329 1534 eius
351 1505 430 1535 erat
450 1498 500 1535 ad
523 1499 734 1535 Lentulum
764 1498 967 1535 consulem
992 1509 1082 1534 cum
1110 1496 1245 1534 litteris
1270 1497 1446 1536 Caesaris
1468 1511 1572 1547 prae-

247 1561 494 1611 miorumque
523 1561 723 1612 promissis
754 1561 784 1599 si
816 1562 987 1599 Romam
1017 1561 1243 1599 revertisset.
1307 1563 1455 1599 Verum
1480 1576 1570 1601 cum

244 1625 374 1663 habeo
418 1625 608 1664 rationem
652 1625 815 1673 dierum,
855 1632 947 1663 ante
993 1633 1089 1675 puto
1137 1625 1403 1664 tramissurum
1452 1640 1570 1676 quam

244 1690 413 1740 potuerit
443 1690 652 1729 conveniri.

870 335 878 352 2

287 1805 305 1833 7
331 1795 386 1833 qui
403 1795 471 1826 secl.
486 1795 663 1826 Bticlzeler:
697 1796 833 1835 quidem
857 1799 927 1826 vett.
1054 1799 1207 1826 metuunt
1224 1799 1312 1826 velt.:
1346 1801 1509 1827 manuunt
1532 1795 1575 1826 M

243 1839 263 1868 8
289 1838 512 1877 occurrimus]
529 1839 675 1869 occurrit
692 1839 812 1869 melius
826 1839 909 1869 Boot
1045 1849 1084 1869 10
1106 1845 1186 1877 qaut
1204 1838 1269 1877 M1,
1285 1849 1363 1869 corr.
1382 1840 1415 1868 in
1432 1844 1487 1869 aut
1503 1851 1508 1869 :
1534 1845 1569 1870 et

243 1882 335 1920 quati
357 1881 444 1913 Vir-t..
462 1882 594 1911 verbmn
616 1883 670 1912 vix
685 1883 764 1912 satz‘s
783 1893 885 1922 grave
904 1886 980 1922 post
999 1882 1189 1913 conculcari
1264 1891 1298 1911 11
1326 1881 1422 1922 iptio]
1441 1884 1568 1922 emptio

243 1918 288 1955 Zb
305 1934 380 1955 v.c.:
405 1925 605 1963 proscriptio
620 1926 730 1964 vulg:
755 1926 898 1964 direptio
921 1926 1070 1955 Mnrctus
1087 1925 1228 1963 Madvig
1360 1935 1407 1965 12,
1431 1936 1468 1964 13
1493 1936 1568 1957 esse

244 1968 364 1998 dicitur
382 1968 583 1998 Gronovius:
609 1973 660 1998 est
679 1969 779 2006 igitur
796 1968 836 1998 M
931 1979 967 2006 13
993 1969 1198 2008 universam]
1217 1968 1391 1999 universae
1410 1979 1434 2000 r.
1450 1980 1481 2008 p,
1499 1969 1567 1999 Bii-

243 2011 358 2040 clzeler:
381 2011 560 2040 universae
574 2011 690 2041 Italiae
707 2011 910 2049 ll'vsenbemr:
929 2013 1107 2042 universus
1120 2011 1148 2041 L
1164 2018 1169 2032 ¹'
1179 2014 1313 2051 marg&
1328 2012 1363 2051 cf
1375 2011 1469 2044 Tusc.
1480 2013 1499 2043 i.
1513 2023 1565 2051 90.

249 2053 368 2084 Totum
387 2054 492 2083 locum
510 2055 554 2083 ita
572 2055 698 2093 refingit
714 2053 853 2093 Madvig
869 2055 1079 2093 Conculcari,
1098 2056 1243 2093 inquam,
1265 2056 1418 2085 miseram
1438 2056 1566 2085 Italiam

242 2097 373 2127 videbis
388 2097 539 2135 proxima
553 2102 681 2127 aestate
693 2102 749 2126 aut
765 2097 904 2127 alterius
917 2102 973 2128 aut
989 2099 1161 2137 utriusque
1176 2099 1376 2129 immanibus
1387 2099 1492 2137 copiis
1505 2100 1569 2138 (vel

242 2141 284 2177 vi,
306 2151 415 2179 manu,
437 2140 543 2179 copiis
554 2154 557 2173 ,i
577 2151 619 2170 ex
636 2141 725 2170 omni
744 2151 871 2178 genere
893 2141 1052 2173 collectis,
1068 2151 1129 2171 nec
1151 2146 1216 2171 tam
1241 2142 1387 2180 direptio
1409 2142 1565 2180 pertime-

241 2184 368 2213 scenda
383 2208 388 2213 .
404 2207 409 2213 .
426 2194 542 2222 .quam
562 2184 738 2213 universae
759 2184 925 2214 interitus.
961 2184 1029 2214 Sed
1044 2194 1110 2214 non
1122 2190 1260 2224 possum
1281 2186 1364 2214 1111'l11'
1376 2184 1567 2224 persuadere

243 2227 419 2265 mancipiis
435 2231 624 2266 corruptum
641 2237 706 2256 esse
721 2237 728 2256 t
751 2230 780 2257 et
794 2226 1059 2257 additamentum
1076 2227 1169 2257 Boott
1192 2228 1276 2258 miln'
1289 2228 1415 2258 adridet
1429 2227 1564 2269 (singu-

242 2269 349 2300 lorum
380 2269 601 2312 proscr)ipti0
629 2280 690 2309 quo
713 2270 890 2301 universae
916 2274 944 2300 et
969 2271 1177 2309 singulorum
1207 2272 1290 2300 inter
1313 2282 1346 2301 se
1376 2271 1565 2311 respondent

246 2314 283 2342 18
301 2313 580 2352 scripseritlfort.
599 2314 785 2352 scripserit,
800 2315 934 2353 scripsit
950 2325 957 2344 ε
981 2315 1165 2353 scripserit,
1178 2315 1264 2345 idem
1279 2316 1358 2345 coni.
1379 2314 1566 2356 ll’escnbetg

242 2367 284 2387 20
309 2358 465 2388 mandata
483 2356 544 2388 M:
569 2359 726 2388 mandata
743 2358 800 2387 dat
817 2357 855 2388 I:
880 2358 1015 2388 mandat
1037 2357 1129 2389 Vim:
1154 2358 1236 2398 fort.
1256 2359 1413 2389 mandata
1430 2359 1530 2389 iterat

284 2426 347 2449 cm.
366 2427 413 2448 AD
430 2428 501 2451 Αττ.
1437 2419 1474 2454 17
