1790 2837
603 130 714 167 EPP.
747 130 824 167 AD
854 129 1112 167 ATTICVM
1486 125 1563 163 ΙΙΙ.
1586 123 1662 161 viii

208 238 313 277 vidit.
372 241 505 279 Vento
532 239 697 278 reiectus
723 241 773 278 ab
801 239 876 278 Ilio
903 239 942 277 in
972 238 1249 278 Macedoniam
1282 239 1411 276 Pellae
1435 235 1531 274 mihi

208 311 362 354 praesto
394 305 474 343 fuit.
536 305 704 355 Reliqua
733 319 851 355 quam
883 304 976 342 mihi
1007 304 1182 342 timenda
1212 303 1287 341 sint
1314 302 1428 341 video
1458 313 1531 340 nec

207 368 303 418 quid
330 369 496 407 scribam
529 370 657 408 habeo
682 378 719 408 et
745 370 877 407 onmia
906 369 1037 415 timeo,
1067 382 1140 406 nec
1164 375 1242 406 tam
1269 366 1452 405 miserum
1474 374 1532 404 est

208 432 419 483 quicquam
446 436 552 484 quod
584 449 663 472 non
693 434 731 472 in
763 442 934 472 nostram
964 435 1158 471 fortunam
1185 433 1323 470 cadere
1344 431 1528 469 videatur.

170 510 187 541 5
209 498 404 547 Equidem
436 500 567 537 adhuc
595 499 710 537 miser
741 498 779 536 in
811 498 987 536 maximis
1016 497 1111 535 meis
1138 496 1333 535 aerumnis
1361 503 1399 534 et
1426 495 1534 534 lucti-

208 563 280 600 bus
302 564 377 600 hoc
406 571 511 601 metu
540 563 695 601 adiecto
720 576 861 601 maneo
889 561 1194 600 Thessaloni-cae
1222 573 1433 610 suspensus
1458 572 1530 598 nec

207 629 335 665 audeo
356 628 578 677 quicquam.

263 694 381 730 Nunc
402 694 452 730 ad
474 706 518 730 ea
547 707 646 742 quae
677 692 872 743 scripsisti.
931 693 1184 742 Tryphonem
1207 689 1421 730 Caecilium
1449 704 1527 728 non
1549 697 1573 733 3

209 757 299 795 vidi.
361 759 590 796 Sermonem
623 766 732 795 tuum
763 765 800 795 et
830 756 992 806 Pompei
1021 755 1187 806 cognovi
1214 769 1260 793 ex
1284 755 1359 792 tuis
1384 754 1528 792 litteris.

150 833 190 855 10
213 823 370 859 Motum
407 822 447 859 in
479 836 518 860 re
549 822 707 871 publica
741 836 819 860 non
855 830 1006 859 tantum
1045 834 1117 870 ego
1156 820 1383 870 impendere
1417 819 1532 857 video

211 895 402 935 quantum
445 894 485 925 tu
524 895 590 925 aut
629 887 738 925 vides
777 895 842 924 aut
881 888 931 924 ad
965 900 1028 924 me
1066 886 1351 924 consolandum
1390 885 1528 922 adfers.

210 951 378 1001 Tigrane
413 952 517 990 enim
553 953 732 1002 neglecto
766 952 919 989 sublata
949 958 1039 989 sunt
1070 949 1212 988 omnia.
1271 947 1437 986 Varroni
1469 962 1532 986 me

210 1017 321 1055 iubes
342 1031 455 1067 agere
475 1017 625 1067 gratias.
673 1016 827 1054 Faciam
845 1031 853 1063 3
883 1016 976 1054 item
999 1017 1197 1065 Hypsaeo.
1249 1014 1368 1062 Quod
1390 1014 1531 1051 suades

209 1095 258 1119 ne
280 1082 432 1131 longius
462 1082 711 1120 discedamus
739 1082 833 1119 dum
860 1088 947 1118 acta
970 1080 1114 1118 mensis
1137 1079 1219 1117 Mai
1246 1079 1296 1116 ad
1316 1091 1388 1116 nos
1413 1079 1533 1127 perfe-

150 1157 186 1190 15
208 1154 350 1193 rantur,
376 1155 471 1197 puto
496 1161 559 1185 me
583 1146 637 1184 ita
659 1160 744 1184 esse
773 1147 963 1183 facturum
995 1146 1063 1182 sed
1091 1143 1157 1182 ubi
1186 1145 1363 1181 nondum
1391 1142 1533 1189 statui3

207 1218 325 1261 atque
348 1211 400 1249 ita
432 1211 658 1262 perturbato
686 1224 772 1248 sum
797 1209 930 1247 animo
950 1210 1000 1247 de
1025 1208 1176 1257 Quinto
1197 1215 1238 1245 ut
1265 1206 1361 1245 nihil
1388 1219 1529 1256 queam

208 1282 376 1314 statuere
399 1278 468 1315 sed
490 1285 621 1314 tamen
643 1275 772 1314 statim
794 1282 831 1312 te
852 1273 989 1312 faciam
1012 1273 1226 1312 certiorem.

263 1342 322 1378 Ex
362 1341 615 1391 epistularum
655 1354 829 1378 mearum
870 1338 1131 1377 inconstantia
1169 1345 1265 1387 puto
1307 1343 1345 1375 te
1387 1335 1528 1375 mentis
1548 1341 1574 1377 4

208 1419 318 1443 meae
341 1414 492 1444 motum
514 1406 645 1444 videre
670 1404 747 1454 qui,
770 1404 841 1442 etsi
866 1402 1084 1441 incredibili
1110 1410 1147 1440 et
1175 1401 1356 1450 singulari
1378 1400 1530 1439 calami-

151 1487 189 1508 20
208 1478 286 1508 tate
307 1470 487 1509 adflictus
516 1485 614 1517 sum,
639 1478 769 1508 tamen
800 1482 880 1506 non
902 1475 981 1506 tarn
1008 1474 1065 1506 est
1092 1480 1138 1505 ex
1165 1466 1318 1504 miseria
1342 1479 1459 1515 quam
1485 1479 1531 1503 ex

207 1536 346 1584 culpae
367 1543 522 1573 nostrae
545 1534 815 1573 recordatione
836 1540 1068 1571 commotus.
1116 1531 1239 1570 Cuius
1260 1530 1364 1568 enim
1387 1531 1531 1567 scelere

207 1599 363 1650 impulsi
390 1614 435 1638 ac
466 1600 610 1650 proditi
640 1600 760 1638 simus
790 1599 866 1637 iam
896 1600 1072 1648 profecto
1092 1597 1211 1641 vides,
1234 1604 1351 1646 atque
1381 1595 1529 1633 utinam

207 1664 283 1702 iam
322 1672 413 1702 ante
451 1665 614 1703 vidisses
653 1678 782 1714 neque
821 1671 946 1701 totum
991 1661 1167 1700 animum
1213 1668 1324 1698 tuum
1367 1660 1530 1698 maerori

208 1743 363 1768 mecum
385 1730 500 1768 simul
522 1730 697 1769 dedisses
715 1733 720 1767 ἕ
780 1731 870 1778 Qua
890 1742 929 1767 re
956 1741 1046 1766 cum
1068 1741 1131 1765 me
1157 1726 1358 1764 adflictum
1380 1733 1417 1764 et
1441 1739 1531 1764 con-

151 1804 188 1835 25
208 1795 353 1832 fectum
374 1796 481 1832 luctu
508 1795 658 1842 audies,
679 1793 898 1832 existimato
926 1806 989 1830 me
1009 1791 1193 1829 stultitiae
1223 1804 1333 1828 meae
1360 1803 1529 1840 poenam

208 1860 304 1897 ferre
333 1859 484 1909 gravius
515 1873 633 1909 quam
665 1858 803 1904 eventi,
832 1858 940 1907 quod
971 1856 1005 1894 ei
1035 1854 1267 1894 crediderim
1297 1868 1414 1904 quem
1445 1868 1530 1892 esse

207 1923 397 1961 nefarium
419 1938 498 1962 non
526 1924 704 1973 putarim.
776 1925 844 1960 Me
865 1930 903 1960 et
924 1935 1100 1960 meorum
1122 1922 1312 1958 malorum
1342 1920 1530 1957 memoria

207 1996 244 2025 et
279 1996 405 2026 metus
435 1991 485 2027 de
514 1991 627 2027 fratre
657 1988 696 2026 in
726 1987 935 2026 scribendo
965 1986 1139 2036 impedit.
1199 1987 1260 2023 Tu
1291 1984 1363 2023 ista
1396 1984 1530 2023 onmia

207 2052 296 2090 vide
321 2061 358 2091 et
378 2054 561 2102 guberna.
611 2052 796 2091 Terentia
816 2052 885 2090 tibi
907 2051 1093 2089 maximas
1113 2050 1253 2101 gratias
1273 2049 1360 2100 agit.
1413 2049 1528 2087 Litte-

148 2131 189 2161 30
208 2131 334 2155 rarum
357 2120 578 2168 exemplum
600 2132 695 2167 quas
716 2119 766 2155 ad
784 2117 1016 2166 Pompeium
1037 2115 1171 2166 scripsi
1192 2114 1278 2153 misi
1300 2114 1380 2152 tibi.
1425 2116 1529 2153 Data

209 2195 270 2220 1111
296 2184 382 2220 Kal.
408 2183 541 2221 Iunias
562 2182 877 2221 Thessalonicae.

255 2297 267 2315 r
296 2286 358 2316 Ilio
375 2286 566 2326 FMadwg,
586 2285 676 2325 quod
695 2286 815 2316 retinui
834 2285 1035 2316 dubitanter:
1061 2285 1117 2316 illo
1135 2284 1194 2315 M:
1220 2284 1311 2316 Atho
1329 2285 1405 2315 rom'.
1427 2283 1527 2315 Reid:

198 2330 280 2368 sort.
303 2330 388 2359 Delo
511 2331 530 2359 8
554 2334 628 2360 ante
643 2331 684 2360 ad
701 2329 839 2360 addend.
862 2330 937 2359 audi
957 2329 1032 2360 coni.
1052 2328 1239 2365 Wesenberg
1253 2329 1308 2358 sed
1322 2330 1357 2368 cf
1379 2329 1418 2359 iv.
1443 2330 1489 2358 16.
1509 2338 1528 2365 5

213 2374 249 2402 18
276 2374 497 2403 inconstantia
514 2374 590 2403 M²z
617 2374 807 2404 constantia
825 2372 865 2402 M
1019 2382 1060 2411 23
1085 2374 1188 2403 errori
1209 2371 1347 2412 Madvtg
1487 2374 1529 2401 26

208 2422 364 2446 eventurn
382 2418 459 2448 coni.
477 2417 662 2458 lVesenherg
