1817 2832
657 142 768 179 EPP.
800 142 878 179 AD
907 141 1165 181 ATTICVM
1558 143 1602 180 V.
1627 153 1689 180 xx

237 253 386 292 clarius.
448 252 610 291 Interim
642 254 740 291 haec
778 253 941 304 λαμπρά.
1001 252 1283 291 Ariobarzanes
1322 265 1440 302 opera
1479 265 1567 290 mea

237 318 340 365 vivit,
363 325 521 368 regnat3
552 321 589 356 ἐν
607 318 752 369 παρόδῳ
773 318 938 356 consilio
961 325 999 356 et
1025 317 1255 356 auctoritate
1283 323 1320 355 et
1341 318 1450 366 quod
1479 316 1567 355 insi-

237 383 453 422 diatoribus
474 382 557 421 eius
575 384 777 433 ἀπρόσιτον
793 397 855 420 me
876 396 956 420 non
977 384 1098 421 modo
1116 383 1388 432 ἀδωροδόκητον
1403 381 1565 432 praebui

237 461 367 497 regern
389 461 632 498 regnumque
654 447 811 486 servavi.
873 449 1028 485 Interea
1048 460 1069 485 e
1091 447 1347 497 Cappadocia
1368 460 1418 484 ne
1438 446 1563 496 pilum

200 525 217 556 5
237 513 409 562 quidem.
470 515 634 551 Brutum
655 513 853 551 abiectum
875 520 1065 562 quantum
1094 512 1204 561 potui
1229 512 1390 551 excitavi
1407 526 1416 559 3
1446 525 1563 561 quem

236 592 317 616 non
339 578 468 616 minus
488 592 580 616 amo
601 592 719 628 quam
741 586 792 624 tu,
810 591 934 627 paene
955 577 1034 615 dixi
1055 591 1173 627 quam
1195 585 1242 616 te.
1293 579 1426 627 Atque
1447 577 1563 615 etiam

237 657 350 693 spero
378 652 461 682 toto
491 658 597 683 anno
627 643 764 693 imperi
794 643 915 681 nostri
939 643 1175 681 terruncium
1207 651 1385 693 sumptus
1414 642 1453 680 in
1480 655 1565 692 pro-

237 709 363 747 vincia
384 711 535 747 nullum
556 711 647 748 fore.

294 775 432 812 Habes
467 774 612 813 onmia.
671 775 788 812 Nunc
820 773 976 823 publice
1014 772 1159 812 litteras
1200 775 1371 811 Romam
1411 771 1605 818 mittere7

181 851 219 872 10
238 840 434 889 parabam.
494 838 704 877 Vberiores
732 846 844 876 erunt
876 852 994 887 quam
1024 837 1055 875 si
1086 851 1133 876 ex
1166 840 1325 876 Amano
1356 837 1562 875 misissem.

237 907 290 942 At
312 912 349 942 te
372 906 524 942 Rornae
545 917 624 942 non
647 905 751 942 fore!
810 904 888 941 Sed
909 910 967 940 est
987 910 1112 941 totum
1133 904 1174 941 in
1194 916 1233 941 eo
1253 903 1349 953 quid
1372 902 1564 940 Kalendis

238 969 390 1007 Martiis
429 970 602 1006 futurum
634 968 691 1006 sit.
752 970 900 1006 Vereor
931 967 1034 1005 enirn
1070 981 1119 1006 ne
1150 981 1240 1006 curn
1276 969 1325 1006 de
1364 966 1565 1017 provincia

235 1041 380 1083 agetur,
404 1034 435 1071 si
458 1034 601 1072 Caesar
621 1032 783 1079 resistet,
800 1046 871 1070 nos
888 1032 1132 1071 retineamur.
1184 1032 1259 1070 His
1281 1039 1322 1070 tu
1339 1032 1371 1070 si
1391 1033 1560 1079 adesses,

235 1097 331 1135 nihil
353 1097 541 1136 timerem.

179 1172 215 1203 15
290 1164 430 1200 Redeo
459 1163 509 1200 ad
540 1162 689 1200 urbana
714 1174 814 1211 quae
841 1174 913 1210 ego
943 1161 1010 1199 diu
1040 1161 1222 1210 ignorans
1252 1174 1298 1199 ex
1324 1160 1400 1199 tuis
1428 1161 1561 1199 iucun-
1580 1163 1605 1201 8

234 1226 404 1265 dissimis
442 1227 577 1265 litteris
611 1240 644 1265 a.
677 1227 713 1264 d.
747 1238 771 1263 V
805 1228 892 1264 Kal.
931 1225 1131 1263 Ianuarias
1169 1225 1342 1275 denique
1381 1224 1558 1275 cognovi.

236 1293 313 1329 Eas
334 1291 630 1341 diligentissime
649 1291 894 1340 Philogenes,
914 1290 1075 1328 libertus
1091 1298 1191 1337 tuus,
1208 1290 1355 1334 curavit
1375 1292 1562 1340 perlonga

234 1363 272 1393 et
299 1370 379 1394 non
407 1355 499 1393 satis
524 1363 606 1393 tuta
626 1355 688 1393 via
712 1356 972 1405 perferendas.
1032 1356 1136 1392 Nam
1161 1368 1257 1404 quas
1284 1354 1405 1392 Laeni
1434 1355 1562 1404 pueris

235 1420 371 1458 scribis
392 1422 502 1458 datas
527 1434 607 1458 non
631 1433 871 1469 acceperam.
933 1420 1113 1457 Iucunda
1137 1420 1186 1457 de
1208 1420 1376 1457 Caesare
1402 1427 1440 1457 et
1461 1432 1562 1468 quae

177 1499 216 1521 20
235 1493 392 1524 senatus
425 1484 596 1523 decrevit
630 1492 668 1522 et
698 1497 799 1533 quae
829 1491 870 1521 tu
905 1497 1045 1533 speras.
1106 1483 1262 1531 Quibus
1292 1483 1356 1521 ille
1386 1483 1417 1520 si
1444 1484 1562 1532 cedit,

235 1549 328 1587 salvi
358 1563 503 1587 sumus.
565 1548 758 1587 Incendio
791 1548 1037 1586 Plaetoriano
1071 1549 1178 1597 quod
1215 1547 1325 1586 Seius
1356 1548 1562 1586 ambustus

233 1628 274 1652 es
308 1614 437 1651 minus
469 1615 633 1651 moleste
666 1615 756 1650 fero.
819 1612 1010 1650 Lucceius
1041 1614 1091 1650 de
1127 1614 1174 1660 Q.
1210 1612 1348 1651 Cassio
1383 1625 1451 1650 cur
1480 1620 1559 1650 tam

232 1680 444 1717 vehemens
466 1678 578 1716 fuerit
600 1685 637 1716 et
659 1677 754 1727 quid
776 1685 907 1715 actum
929 1677 977 1715 sit
996 1691 1094 1715 aveo
1115 1676 1222 1715 scire.

287 1746 371 1793 Ego
407 1757 497 1782 cum
534 1743 772 1781 Laodiceam
803 1756 957 1787 venero,
991 1742 1142 1790 Quinto
1176 1741 1317 1779 sororis
1357 1749 1446 1779 tuae
1476 1741 1556 1780 filio
1578 1752 1605 1790 9

176 1821 212 1852 ²5
233 1815 362 1858 togam
405 1821 541 1858 puram
587 1807 724 1845 iubeor
766 1808 885 1854 dare,
934 1806 997 1844 cui
1042 1806 1277 1844 moderabor
1319 1806 1556 1855 diligentius.

233 1872 441 1910 Deiotarus
463 1871 572 1910 cuius
593 1872 743 1909 auxiliis
766 1871 915 1920 magnis
936 1884 1028 1908 usus
1050 1884 1135 1907 sum
1160 1871 1210 1908 ad
1233 1884 1306 1917 me,
1330 1878 1371 1908 ut
1393 1870 1558 1920 scripsit,

231 1950 321 1974 cum
357 1936 614 1975 Ciceronibus
650 1935 889 1973 Laodiceam
920 1943 1105 1973 venturus
1144 1942 1234 1971 erat.
1295 1936 1401 1972 Tuas
1439 1935 1556 1973 etiam

233 2001 450 2050 Epiroticas
471 2008 655 2050 exspecto
677 2001 832 2046 litteras,
857 2008 899 2037 ut
920 2001 1086 2037 habeam
1114 1998 1305 2036 rationem
1327 2012 1407 2037 non
1436 2001 1557 2038 modo

231 2065 362 2115 negoti
383 2079 516 2103 verum
542 2064 659 2103 etiarn
688 2064 742 2102 oti
763 2064 829 2102 tui.
890 2063 1063 2102 Nicanor
1090 2063 1129 2101 in
1151 2062 1280 2101 officio
1308 2070 1365 2101 est
1391 2071 1430 2102 et
1450 2077 1472 2101 a
1493 2077 1557 2102 me

170 2145 210 2175 30
230 2130 437 2168 liberaliter
466 2136 660 2167 tractatur.
721 2130 863 2177 Quem,
890 2136 931 2166 ut
961 2136 1066 2178 putO,
1098 2130 1268 2166 Romam
1300 2141 1389 2165 curn
1420 2128 1556 2166 litteris

229 2194 396 2244 publicis
431 2194 594 2240 mittam,
628 2202 670 2231 ut
704 2200 741 2231 et
776 2193 999 2242 diligentius
1033 2194 1272 2242 perferantur
1302 2200 1340 2230 et
1369 2192 1474 2230 idem
1503 2194 1555 2231 ad

272 2301 291 2328 3
315 2288 553 2330 ἀδωροδόκητον
587 2289 673 2320 Crat.
695 2301 701 2320 :
740 2299 804 2320 om.
840 2289 881 2318 M
1053 2298 1086 2318 11
1115 2288 1147 2318 in
1176 2299 1216 2318 eo
1235 2288 1309 2320 add.
1341 2288 1442 2326 Koch,
1469 2288 1560 2328 qnod

228 2333 406 2364 doctissime
437 2332 575 2370 defhndit
606 2333 727 2362 Msiller
834 2333 912 2371 quid
929 2356 935 2362 .
954 2357 959 2363 .
980 2357 985 2363 .
1005 2333 1048 2362 sit
1086 2331 1293 2370 chsenbng:
1327 2332 1404 2370 quid
1424 2355 1430 2362 .
1448 2355 1455 2363 .
1475 2355 1481 2362 .
1502 2338 1555 2363 est

230 2376 314 2408 codd.
334 2388 341 2406 :
365 2378 453 2415 quod
471 2400 478 2407 .
498 2400 504 2406 .
526 2401 532 2407 .
552 2380 603 2406 est
620 2376 763 2406 JBaiter
867 2377 905 2406 16
930 2386 950 2405 v
968 2376 1028 2406 M:
1053 2385 1099 2406 xv
1114 2375 1237 2407 Sclnitz
1248 2374 1397 2406 Schmidt
1513 2377 1555 2406 26

229 2420 411 2450 Deiotarus
428 2419 458 2449 Z
480 2431 486 2451 :
510 2430 575 2451 om.
595 2420 684 2450 celem'
698 2419 787 2450 codd.
