1817 2832
650 107 762 145 EPP.
795 108 871 145 AD
901 108 1161 148 ATTICVM
1472 112 1565 149 VII.
1584 112 1645 149 xii

242 218 331 256 culo
352 218 421 256 sed
449 216 650 268 dirumpor
679 219 824 257 dolore.
884 221 1037 258 Tamne
1067 221 1175 259 nullo
1200 219 1364 260 consilio
1390 228 1456 259 aut
1483 228 1562 259 tam

241 290 375 320 contra
397 295 528 320 meum
559 282 766 320 consilium
795 291 903 333 gesta
929 298 1013 323 esse
1039 285 1195 324 omnia!
1251 288 1315 323 An
1343 294 1503 325 cuncter
1526 294 1564 325 et

240 347 465 397 tergiverser
485 355 523 385 et
544 347 588 384 iis
610 361 672 386 me
692 349 781 386 dem
805 348 872 398 qui
894 356 1040 397 tenent,
1061 350 1128 399 qui
1148 350 1379 400 potiuntur?
1419 352 1564 390 ιΑἷδέο-

238 429 305 461 μαι
324 413 470 461 Τρῶας’
491 425 564 450 nec
591 413 718 449 solum
740 412 833 450 civis
855 414 924 451 sed
951 414 1068 451 etiam
1089 414 1205 453 amici
1225 415 1354 453 officio
1378 429 1562 463 revocor3

200 489 216 521 5
238 475 310 514 etsi
344 477 498 525 frangor
529 490 645 525 saepe
680 476 945 515 misericordia
983 492 1202 528 puerorum.
1262 481 1317 517 Vt
1354 479 1469 529 igitur
1509 480 1607 524 ita4

238 541 475 590 perturbato,
517 540 587 578 etsi
631 548 668 578 te
712 542 851 579 eadem
898 542 1117 589 sollicitant,
1159 543 1284 582 scribe
1328 544 1476 595 aliquid
1523 552 1562 583 et

239 604 418 651 maxime,
455 604 485 641 si
519 604 730 654 Pompeius
771 605 883 643 Italia
921 606 1035 652 cedit,
1077 607 1173 656 quid
1211 607 1326 646 nobis
1364 610 1562 658 agendum

238 677 360 718 putes.
423 670 488 706 Μ’.
513 668 674 718 quidem
702 669 876 718 Lepidus
904 671 1011 720 (nam
1036 670 1180 709 suimus
1207 671 1301 721 una)
1322 686 1412 710 eum
1443 674 1562 711 finem

238 733 384 780 statuit,
407 735 448 770 L.
472 735 696 782 Torquatus
726 735 907 772 eundem.
969 736 1037 773 Me
1066 749 1157 773 cum
1188 737 1311 774 multa
1334 744 1416 774 tum
1444 737 1562 775 etiam

181 810 219 831 10
239 797 392 835 lictores
414 797 644 847 impediunt.
706 798 812 836 Nihil
834 799 913 837 vidi
944 813 1133 850 umquam
1154 802 1262 850 quod
1290 801 1419 839 minus
1446 801 1563 851 expli-

238 862 315 900 cari
346 870 489 912 posset.
550 863 688 911 Itaque
717 876 740 901 a
769 870 806 901 te
836 863 1030 902 nihildum
1059 864 1152 902 certi
1181 865 1341 914 exquiro
1368 867 1438 904 sed
1466 865 1562 915 quid

237 926 423 964 videatur.
485 927 667 976 Denique
694 927 818 976 ipsam
847 929 1002 977 ἀπορίαν
1030 936 1136 966 tuam
1167 929 1283 978 cupio
1310 943 1557 979 cognoscere.

238 991 459 1029 Labienum
493 991 543 1028 ab
575 991 641 1029 illo
675 991 898 1030 discessisse
927 1006 1049 1042 prope
1082 994 1246 1031 modum
1285 1001 1448 1032 constat.
1519 993 1557 1032 Si
1579 1000 1603 1039 5

237 1055 290 1093 ita
310 1057 455 1093 factum
473 1063 574 1093 esset
594 1063 636 1093 ut
657 1055 721 1093 ille
750 1057 920 1094 Romam
941 1056 1101 1094 veniens
1129 1057 1374 1107 magistratus
1394 1065 1432 1096 et
1453 1071 1560 1096 sena-

179 1133 216 1164 15
238 1129 321 1158 tum
344 1122 496 1158 Romae
526 1121 754 1167 offenderet,
777 1134 919 1170 magno
948 1120 1035 1158 usui
1064 1134 1204 1159 causae
1231 1129 1386 1160 nostrae
1412 1122 1560 1162 fuisset.

239 1188 459 1223 Damnasse
494 1185 598 1222 enim
638 1184 792 1223 sceleris
831 1185 1033 1224 hominem
1070 1185 1242 1223 amicum
1281 1185 1335 1224 rei
1380 1186 1561 1235 publicae

237 1264 355 1288 causa
392 1250 599 1298 videretur,
639 1250 746 1299 quod
791 1263 897 1287 nunc
935 1262 1094 1299 quoque
1131 1249 1284 1287 videtur
1322 1251 1391 1288 sed
1431 1250 1561 1288 minus

237 1316 407 1365 prodest.
480 1316 573 1353 Non
611 1314 716 1352 enim
761 1314 880 1352 habet
917 1313 980 1352 cui
1024 1313 1145 1364 prosit
1183 1328 1354 1364 eumque
1398 1315 1562 1353 arbitror

238 1379 447 1429 paenitere,
477 1379 550 1417 nisi
580 1381 678 1417 forte
707 1378 747 1417 id
772 1378 899 1428 ipsum
925 1386 982 1417 est
1011 1380 1151 1416 falsum
1183 1378 1407 1417 discessisse
1437 1379 1558 1417 illurn.

179 1458 220 1480 20
240 1445 323 1482 Nos
345 1444 505 1493 quidem
526 1456 596 1493 pro
617 1450 723 1481 certo
744 1443 999 1481 habebamus.

293 1511 343 1546 Et
376 1508 503 1554 velim,
538 1520 792 1557 quamquam,
826 1514 868 1545 ut
899 1506 1045 1553 scribis,
1079 1506 1306 1545 domesticis
1345 1514 1382 1545 te
1417 1507 1560 1545 finibus
1580 1512 1608 1549 6

236 1581 359 1620 tenes,
391 1574 556 1611 formam
589 1572 685 1610 mihi
716 1571 822 1610 urbis
853 1585 1040 1622 exponas,
1074 1573 1230 1621 ecquod
1264 1572 1429 1622 Pompei
1463 1572 1562 1611 desi-

235 1637 398 1684 derium,
418 1651 566 1687 ecquae
583 1636 760 1676 Caesaris
781 1636 928 1674 invidia
943 1644 1140 1686 appareat,
1154 1636 1269 1674 etiam
1288 1637 1383 1686 quid
1400 1651 1560 1676 censeas

236 1704 286 1741 de
302 1702 487 1740 Terentia
507 1709 546 1740 et
565 1701 709 1749 Tullia,
732 1703 886 1740 Romae
906 1715 971 1740 eas
998 1714 1082 1739 esse
1103 1715 1152 1739 an
1174 1715 1331 1740 mecum
1357 1715 1406 1740 an
1427 1701 1560 1752 aliquo

178 1779 215 1810 25
236 1775 321 1806 tuto
341 1769 439 1805 loco.
502 1768 616 1804 Haec
645 1773 683 1804 et
707 1765 738 1803 si
765 1765 862 1816 quid
890 1765 997 1804 aliud
1023 1767 1074 1804 ad
1101 1779 1164 1804 me
1190 1765 1336 1805 scribas
1362 1766 1479 1805 velim
1499 1768 1560 1806 vel

236 1831 365 1883 potius
386 1831 588 1882 scriptiteS.

278 1955 396 1990 XIII
526 1957 595 1990 διν.
615 1957 802 1989 Menturnis
817 1958 851 1989 ix
865 1958 909 1990 K.
927 1958 1017 1990 Febr.
1038 1969 1068 1990 a.
1091 1969 1145 1999 705
1162 1959 1250 2002 (49).

654 2035 829 2065 CICERO
852 2035 1023 2066 ATTICO
1049 2035 1146 2068 SAL.

293 2114 355 2151 De
385 2111 658 2151 Vennonianis
685 2112 800 2150 rebus
832 2112 903 2151 tibi
932 2113 1140 2152 adsentior.
1201 2113 1422 2153 Labienum
1461 2114 1561 2164 ἥρωα
1579 2124 1598 2153 1

179 2194 218 2225 30
237 2176 379 2216 iudico.
440 2176 608 2214 Facinus
632 2176 709 2214 iam
739 2176 806 2214 diu
836 2178 988 2214 nullum
1015 2177 1127 2215 civile
1151 2178 1395 2228 praeclarius,
1418 2178 1495 2229 qui,
1518 2185 1561 2216 ut

284 2290 298 2310 1
325 2280 453 2310 Tamne
471 2278 524 2309 ΜἾ
545 2278 616 2319 (sed
630 2290 673 2310 ne
688 2278 839 2314 demtum
858 2272 955 2310 HZl:
982 2283 1048 2310 tam
1067 2279 1140 2310 M²s
1155 2279 1254 2311 EOP
1381 2290 1400 2321 5
1424 2281 1485 2323 Vt]
1511 2281 1560 2312 Tu

237 2323 321 2354 Pius
490 2333 526 2362 14
550 2324 765 2361 magistratus
793 2321 986 2364 Wesenberg,
1006 2324 1044 2364 cs.
1066 2333 1114 2363 13.
1138 2334 1175 2355 1:
1200 2329 1283 2355 -tum
1307 2323 1349 2355 M
1521 2335 1561 2364 24

239 2368 416 2398 Romaene
433 2366 519 2397 Reid
532 2367 598 2399 coll.
614 2366 709 2397 Fam.
726 2367 792 2398 xiv.
814 2367 862 2398 18.
883 2377 896 2397 1

281 2430 346 2452 cxc.
366 2430 413 2451 AD
429 2429 503 2452 Αττ.
1434 2421 1475 2451 15
