1790 2837
138 124 191 161 ΙΙ.
211 123 273 160 xii
551 125 607 162 M.
639 124 808 162 TVLLI
840 124 1147 164 CICERONIS

187 235 367 283 salutem,
390 235 449 272 καὶ
478 235 643 285 Κικέρων
666 236 686 273 ὃ
710 235 927 284 φιλόσοφος
951 236 1016 274 τὸν
1042 236 1236 276 πολιτικὸν
1262 236 1372 276 Τίτον
1400 237 1518 275 ἀσπά-

183 301 291 345 ζεται.

224 418 343 453 XIII
387 421 458 453 Scr.
478 421 511 453 in
528 421 710 453 Formiano
728 433 772 454 m.
789 421 875 463 Apr.
897 423 964 452 circ.
986 432 1006 452 v
1025 422 1068 454 K.
1090 421 1171 454 Mai.
1191 433 1221 454 a.
1243 423 1302 464 695
1319 423 1405 466 (59).

589 505 766 537 CICERO
799 504 973 536 ATTICO
1004 504 1102 536 SAL.

147 606 163 633 1
238 590 406 629 Facinus
436 590 667 641 indignum!
698 590 906 642 epistulam
937 591 1092 641 αὖθωρεὶ
1120 590 1191 629 tibi
1217 604 1241 629 a
1269 590 1412 629 Tribus
1442 592 1516 629 Ta-
1538 602 1554 634 5

183 656 314 695 bernis
349 655 576 706 rescriptam
607 657 658 695 ad
693 663 779 694 tuas
812 656 1061 695 suavissimas
1093 655 1279 706 epistulas
1313 654 1515 694 neminem

181 722 424 761 reddidisse!
472 724 525 759 At
546 721 644 760 scito
665 735 754 760 eum
777 721 1017 768 fasciculum,
1038 735 1117 772 quo
1134 721 1239 759 illam
1256 720 1513 767 conieceram‚

182 789 348 827 domum
376 801 423 826 eo
450 787 536 837 ipso
563 787 628 826 die
655 789 777 825 latum
799 800 884 825 esse
905 801 984 836 quo
1005 800 1078 836 ego
1099 787 1286 825 dederam
1311 793 1349 824 et
1375 787 1426 824 ad
1453 799 1516 824 me

182 851 223 890 in
256 851 511 890 Formianum
541 853 707 889 relatum
737 865 832 889 esse.
894 853 1034 901 Itaque
1065 851 1137 889 tibi
1168 858 1275 889 tuam
1308 850 1515 900 epistulam

182 917 277 955 iussi
297 917 437 963 referri,
462 930 509 955 ex
535 929 614 966 qua
641 915 885 966 intellegeres
907 930 1025 965 quam
1054 915 1150 953 mihi
1172 922 1256 953 tum
1277 914 1365 952 illae
1385 921 1515 964 gratae
1539 929 1577 952 10

140 994 164 1021 2
184 982 356 1021 fuissent.
418 984 573 1020 Romae
603 982 712 1031 quod
742 981 878 1019 scribis
906 980 1018 1027 sileri,
1048 980 1102 1018 ita
1127 981 1315 1030 putabam
1331 994 1340 1027 3
1369 987 1408 1017 at
1434 980 1517 1017 her-

184 1049 270 1085 cule
295 1047 335 1084 in
361 1046 461 1096 agris
491 1060 572 1085 non
602 1046 743 1092 siletur,
768 1059 841 1084 nec
863 1045 940 1083 iarn
962 1045 1035 1095 ipsi
1055 1045 1136 1095 agri
1160 1058 1322 1094 regnum
1344 1051 1515 1082 vestrum

176 1113 278 1166 vferre
306 1119 481 1162 possunt.
542 1110 583 1149 Si
610 1124 702 1148 vero
726 1110 766 1148 in
791 1111 893 1148 lianc
917 1112 1139 1160 Τηλέπυλον
1159 1109 1309 1148 veneris
1335 1113 1517 1158 Λαιστρυ-

180 1179 319 1229 γονίην,
351 1176 525 1214 Formias
556 1175 657 1222 dico,
691 1175 758 1225 qui
788 1174 964 1213 fremitus
998 1174 1232 1213 hominum!
1272 1187 1390 1223 quam
1429 1173 1515 1211 irati

181 1241 325 1280 animi!
360 1248 509 1291 quanto
541 1240 581 1278 in
614 1240 708 1278 odio
738 1247 870 1278 noster
899 1239 1049 1278 amicus
1080 1241 1276 1289 Magnus!
1312 1238 1422 1276 cuius
1452 1251 1514 1276 co·
1536 1254 1574 1287 15

180 1320 353 1356 gnomen
392 1320 471 1345 una
510 1319 601 1344 cum
637 1304 768 1345 Crassi
805 1304 946 1342 Divitis
981 1303 1218 1354 cognomine
1254 1302 1510 1341 consenescit.

182 1373 330 1411 Credas
355 1371 451 1409 mihi
480 1370 608 1417 velim,
641 1369 842 1408 neminem
876 1371 1007 1408 adhuc
1036 1368 1183 1407 offendi
1215 1368 1283 1418 qui
1312 1369 1410 1406 haec
1434 1375 1514 1406 tam

181 1438 285 1475 lente
314 1450 433 1486 quam
463 1449 536 1486 ego
566 1437 648 1474 fero
678 1437 802 1473 ferret.
864 1436 955 1484 Qua
989 1448 1039 1481 re,
1072 1433 1168 1472 mihi
1199 1434 1325 1479 crede,
1359 1436 1515 1482 φιλοσο·

182 1506 319 1551 φῶμεν.
380 1503 534 1539 Iuratus
556 1500 627 1539 tibi
648 1513 809 1550 possum
835 1499 965 1537 dicere
991 1498 1088 1536 nihil
1117 1512 1201 1537 esse
1229 1497 1336 1536 tanti.
1395 1500 1458 1536 Tu
1483 1497 1513 1536 si

180 1567 325 1605 litteras
363 1568 414 1605 ad
448 1565 652 1615 Sicyonios
687 1566 820 1610 habes,
853 1565 995 1602 advola
1029 1563 1069 1601 in
1105 1562 1370 1610 Formianum,
1407 1563 1513 1602 unde
1535 1579 1574 1601 20

181 1645 254 1670 nos
274 1631 399 1682 pridie
420 1631 558 1669 Nonas
581 1629 708 1668 Maias
730 1628 957 1679 cogitamus.

223 1750 334 1786 XIV
427 1753 499 1785 Scr.
521 1753 554 1784 in
573 1753 751 1784 Formiano
767 1753 834 1784 circ.
854 1754 885 1784 iv
903 1753 945 1784 K.
968 1752 1049 1785 Mai.
1070 1764 1101 1785 a.
1117 1753 1175 1794 695
1192 1752 1278 1794 (59).

589 1838 764 1869 CICERO
797 1839 969 1870 ATTICO
1004 1838 1101 1870 SAL.

143 1934 161 1963 Ι
235 1923 435 1971 Quantam
475 1929 516 1960 tu
556 1921 653 1960 mihi
693 1937 828 1962 moves
869 1922 1203 1974 exspectationem
1243 1923 1292 1961 de
1331 1934 1512 1960 sermone

180 1987 325 2031 Bibuli,
349 1994 537 2036 quantam
569 1989 618 2026 de
649 1988 849 2038 colloquio
877 1990 1073 2039 βοώπιδος,
1103 1995 1291 2038 quantam
1319 1986 1436 2025 etiam
1461 1987 1512 2024 de
1534 1999 1570 2030 25

178 2052 246 2091 illo
275 2052 444 2091 delicato
474 2053 679 2092 convivio!
751 2054 923 2093 Proinde
953 2054 1005 2092 ita
1032 2055 1092 2092 fac
1123 2052 1256 2091 venias
1286 2058 1331 2090 ut
1356 2053 1406 2090 ad
1436 2051 1511 2089 siti-

178 2117 280 2156 entis
299 2117 413 2155 auris.
458 2119 713 2168 Quamquam
733 2119 828 2157 nihil
853 2127 910 2157 est
931 2118 1008 2157 iam
1025 2118 1134 2168 quod
1151 2116 1273 2167 magis
1289 2116 1511 2155 timendum

179 2182 294 2221 nobis
315 2190 450 2233 putem
472 2198 591 2234 quam
622 2198 671 2223 ne
699 2184 763 2223 ille
793 2191 925 2223 noster
952 2182 1296 2233 Sampsiceramus,
1321 2195 1442 2231 quom
1470 2195 1511 2219 se

178 2248 357 2287 omnium
385 2248 633 2288 sermonibus
660 2248 800 2288 sentiet
820 2250 1002 2299 vapulare
1030 2255 1068 2286 et
1095 2261 1217 2297 quom
1244 2248 1313 2285 has
1334 2246 1510 2285 actiones

222 2361 266 2382 20
288 2351 416 2382 litteras
441 2352 483 2382 ad
510 2351 688 2391 Sicyonios
720 2354 778 2382 Σετ
819 2351 859 2381 ad
887 2350 952 2381 Sic.
974 2350 1102 2380 litteras
1125 2347 1169 2379 M
1295 2349 1337 2378 26
1362 2346 1422 2387 ita]
1441 2348 1509 2378 cito

177 2393 335 2435 Pluygers
434 2400 469 2425 ut
487 2396 527 2425 ad
551 2395 749 2426 I'dalhimaes:
774 2395 868 2434 quasi
886 2394 928 2424 ad
943 2392 1067 2424 Maller
1181 2392 1224 2423 28
1246 2401 1347 2431 quom
1366 2391 1506 2423 Mz'c'ller:

178 2449 252 2469 cum
270 2439 357 2480 vulg.
376 2450 382 2469 :
409 2449 507 2478 quem
526 2437 568 2468 M
1768 2456 1773 2486 ι
