1817 2832
663 132 775 169 EPP.
808 132 885 169 AD
914 132 1173 186 ATTICVM
1560 135 1606 171 V.
1629 135 1674 171 ix

231 242 327 282 mihi
348 242 537 293 recepisti,
563 251 765 282 memento
786 256 920 282 curare
946 256 1015 293 per
1035 250 1073 282 te
1093 250 1131 281 et
1152 257 1220 294 per
1240 242 1369 282 omnis
1391 252 1555 291 nostros,

231 307 271 345 in
290 306 425 357 primis
445 321 514 357 per
536 307 809 354 Hortensium,
827 315 869 346 ut
889 321 1016 346 annus
1032 315 1164 346 noster
1181 316 1337 346 maneat
1354 322 1425 347 suo
1442 316 1554 355 statu,

230 385 281 410 ne
301 372 397 421 quid
424 372 515 411 novi
543 373 784 411 decernatur.
846 374 938 411 Hoc
965 372 1036 411 tibi
1056 372 1108 410 ita
1136 374 1283 411 mando
1311 381 1352 411 ut
1379 373 1557 412 dubitem

229 450 281 474 an
312 437 429 476 etiarn
462 445 500 476 te
531 451 665 487 rogem
700 446 743 476 ut
773 451 923 488 pugnes
957 451 1007 476 ne
1045 437 1303 476 intercaletur.
1364 440 1442 477 Sed
1477 452 1558 478 non

192 513 210 545 5
230 503 359 540 audeo
389 502 459 541 tibi
489 503 622 541 omnia
652 516 771 542 onera
798 503 1025 553 imponere3
1055 516 1204 540 annum
1232 503 1393 552 quidem
1420 502 1556 553 utique

230 574 374 605 teneto.

285 631 425 671 Cicero
463 646 585 679 meus,
627 631 940 671 modestissimus
978 639 1017 670 et
1055 631 1306 670 suavissimus
1345 646 1451 682 puer,
1486 632 1556 671 tibi
1576 638 1599 674 3

230 698 395 735 salutem
417 698 523 736 dicit.
585 698 821 747 Dionysium
848 711 1002 747 semper
1027 697 1225 746 equidem,
1249 706 1290 735 ut
1318 697 1403 744 scis,
1427 697 1554 743 dilexi,

231 763 300 800 sed
321 762 466 801 cotidie
486 763 605 813 pluris
626 763 727 801 facio
743 771 782 801 et
801 776 864 801 me
881 763 1038 801 hercule
1059 761 1099 799 in
1119 761 1253 812 primis
1271 763 1379 813 quod
1399 770 1436 802 te
1452 770 1557 802 amat

176 841 212 863 10
231 839 304 864 nec
325 826 381 864 tui
403 827 644 866 mentionem
666 826 868 866 intermitti
889 826 990 865 sinit.

275 937 318 971 X
449 941 519 973 Ser.
537 941 678 972 Athenis
691 942 776 982 prid.
794 942 837 972 K.
857 945 917 972 aut
933 941 975 972 K.
996 941 1109 981 Quint.
1126 952 1158 973 a.
1178 951 1232 982 703
1251 941 1338 983 (51).

646 1006 820 1037 CICERO
846 1006 1020 1037 ATTICO
1046 1006 1142 1038 SAL.

285 1074 339 1110 Vt
359 1074 535 1111 Athenas
562 1086 594 1111 a.
618 1074 654 1111 d.
671 1085 711 1110 vl
736 1074 823 1110 Kal.
848 1071 1035 1120 Quintilis
1056 1085 1250 1119 veneram,
1280 1072 1554 1122 exspectabam
1574 1080 1592 1108 1

231 1136 286 1175 ibi
306 1136 383 1175 iam
411 1146 593 1187 quartum
620 1137 727 1175 diem
755 1137 1010 1186 Pomptinum
1037 1150 1166 1186 neque
1196 1138 1246 1175 de
1275 1136 1357 1175 eius
1384 1138 1557 1176 adventu

175 1217 212 1249 15
232 1202 325 1240 certi
356 1203 567 1253 quicquam
592 1203 800 1241 habebam.
861 1204 979 1240 Eram
1006 1210 1138 1240 autem
1166 1209 1281 1248 totus,
1306 1203 1422 1240 crede
1449 1201 1556 1248 mihi,

232 1275 362 1306 tecum
394 1276 442 1314 et,
478 1282 718 1318 quamquam
751 1267 835 1306 sine
866 1267 911 1305 iis
941 1281 1008 1318 per
1042 1281 1105 1306 me
1137 1267 1230 1317 ipse,
1266 1274 1399 1305 tamen
1433 1266 1558 1305 acrius

231 1332 400 1382 vestigiis
422 1333 497 1371 tuis
519 1333 691 1371 monitus
713 1334 762 1371 de
784 1341 821 1371 te
842 1332 1074 1382 cogitabam.
1135 1332 1243 1380 Quid
1265 1331 1448 1381 quaeris?
1477 1344 1558 1370 non

233 1411 295 1435 me
317 1398 474 1435 hercule
494 1397 592 1435 alius
613 1399 714 1435 ullus
735 1411 864 1435 sermo
884 1396 958 1434 nisi
978 1398 1028 1434 de
1049 1404 1097 1434 te.
1157 1397 1235 1434 Sed
1256 1403 1297 1433 tu
1318 1397 1368 1434 de
1390 1409 1452 1434 me
1472 1395 1558 1445 ipso
1578 1403 1602 1430 2

231 1462 380 1511 aliquid
403 1462 499 1501 scire
527 1464 689 1501 fortasse
715 1462 847 1500 mavis.
909 1463 1022 1499 Haec
1049 1468 1149 1499 sunt.
1208 1462 1353 1499 Adhuc
1379 1468 1558 1510 sumptus

173 1544 214 1566 20
232 1540 306 1565 nec
327 1527 366 1564 in
387 1541 450 1565 me
470 1535 537 1565 aut
558 1527 716 1577 publice
736 1535 804 1565 aut
825 1526 1004 1577 privatim
1026 1540 1098 1564 nec
1118 1525 1158 1563 in
1179 1539 1419 1575 quemquam
1441 1525 1560 1563 comi-

232 1599 326 1630 tum.
387 1591 495 1629 Nihil
516 1591 705 1641 accipitur
733 1593 817 1641 lege
840 1591 951 1638 Iulia,
975 1590 1071 1628 nihil
1098 1591 1148 1628 ab
1174 1589 1339 1639 hospite.
1401 1591 1560 1627 Persua-

231 1670 318 1694 sum
339 1664 397 1694 est
418 1656 603 1694 omnibus
626 1655 721 1694 meis
744 1655 992 1694 serviendum
1014 1668 1099 1693 esse
1120 1655 1246 1692 famae
1267 1667 1388 1692 meae.
1450 1655 1559 1692 Belle

230 1722 371 1760 adhuc.
434 1723 526 1759 Hoc
565 1720 880 1758 animadversum
917 1721 1157 1757 Graecorum
1195 1719 1312 1756 laude
1351 1725 1389 1756 et
1434 1719 1558 1756 multo

231 1799 411 1824 sermone
441 1786 668 1824 celebratur.
730 1786 850 1833 Quod
885 1791 1072 1834 superest,
1105 1783 1325 1821 elaboratur
1355 1783 1395 1820 in
1429 1784 1506 1821 hoc
1535 1796 1558 1820 a

173 1866 211 1898 25
231 1864 305 1898 me,
328 1851 428 1888 sicut
449 1849 519 1888 tibi
546 1849 649 1888 sensi
676 1851 840 1899 placere.
900 1850 978 1887 Sed
999 1850 1096 1887 haec
1123 1856 1207 1886 tum
1231 1849 1436 1886 laudemus
1464 1860 1555 1885 cum

231 1923 343 1953 erunt:
363 1922 550 1965 perorata.
601 1914 770 1963 Reliqua
786 1921 876 1951 sunt
896 1913 978 1951 eius
1000 1913 1109 1951 modi
1130 1920 1172 1950 ut
1192 1926 1325 1950 meum
1346 1911 1553 1950 consilium
1576 1923 1600 1960 3

231 1993 347 2029 saepe
368 1980 651 2028 reprehendam
674 1980 782 2028 quod
803 1991 883 2015 non
904 1977 1034 2027 aliqua
1055 1977 1205 2015 ratione
1226 1990 1272 2015 ex
1299 1978 1375 2015 hoc
1396 1975 1555 2026 negotio

231 2043 465 2082 emerserim.
525 2043 561 2081 O
589 2056 670 2081 rem
698 2042 859 2080 minime
882 2049 1014 2091 aptam
1045 2041 1141 2079 meis
1169 2041 1367 2080 moribus!
1406 2053 1430 2078 o
1460 2040 1557 2078 illud

230 2122 363 2147 verum
399 2108 493 2158 ἔρδοι
521 2110 597 2147 ns!
648 2106 766 2144 Dices
800 2105 931 2154 ‘Quid
964 2107 1124 2143 adhuc?
1165 2107 1344 2144 nondum
1375 2104 1481 2143 enim
1516 2104 1555 2142 in

174 2190 214 2220 30
232 2173 390 2223 negotio
421 2171 632 2210 versaris?'
673 2173 775 2209 Sane
813 2170 895 2208 scio
933 2177 971 2207 et
1008 2177 1104 2219 puto
1137 2169 1361 2208 molestiora
1399 2176 1553 2207 restare.

277 2285 290 2305 1
319 2275 475 2314 recepisti
504 2274 703 2304 Lvlzmann:
739 2273 910 2312 rescripsti
933 2271 990 2301 M:
1025 2273 1228 2311 rescripsisti
1256 2273 1342 2312 vulg.
1517 2282 1555 2311 13

230 2327 265 2347 v1
296 2317 485 2357 [Vescnberg
508 2317 661 2347 Schmidt
676 2317 740 2347 coll.
768 2316 864 2347 Fam.
891 2317 924 2346 ii.
949 2316 978 2345 8,
1004 2325 1042 2353 3:
1069 2325 1115 2345 xv
1131 2314 1187 2346 M:
1213 2324 1263 2345 vu
1291 2315 1384 2345 Man.
1520 2316 1558 2345 18

231 2361 371 2391 alterum
394 2371 446 2390 me
462 2370 526 2391 om.
550 2360 695 2390 ONHM
825 2370 862 2389 21
892 2359 983 2388 Nihil
1001 2369 1066 2387 om.
1085 2357 1172 2389 Rav.
1306 2368 1349 2395 30
1373 2358 1463 2388 Sane
1486 2359 1557 2389 scio

231 2404 370 2434 Kalmt:
395 2404 508 2434 nescio
526 2402 584 2435 M:
609 2413 677 2434 non
696 2403 809 2434 nescio
826 2402 924 2432 Klotz
939 2413 946 2432 ι
970 2402 1041 2432 scio
1058 2400 1172 2431 Baiter
1185 2412 1192 2432 :
1205 2401 1287 2440 sort.
1308 2401 1359 2431 Ne
1377 2412 1440 2440 ego
1457 2402 1529 2432 scio
