1790 2837
610 124 722 162 EPP.
754 125 832 162 AD
862 123 1121 163 ATTICVM
1479 124 1533 162 ΙΙ.
1552 133 1612 159 xx

201 233 363 284 gloriam
383 234 500 274 venit.
561 236 755 285 Populare
784 248 890 273 nunc
920 234 1016 272 nihil
1046 242 1126 272 tam
1155 241 1214 273 est
1243 246 1362 284 quam
1392 232 1529 271 odium

201 299 460 349 popularium.
521 302 635 338 Haec
667 313 746 350 quo
773 299 850 338 sint
874 307 1056 349 eruptura
1082 298 1230 346 timeo;
1258 299 1328 337 sed
1355 297 1386 336 si
1413 296 1531 347 dispi-
1547 306 1571 345 5

201 376 288 401 cere
309 364 405 413 quid
432 378 600 415 coepero
625 365 792 403 scribam
817 365 867 403 ad
895 372 933 403 te
958 364 1140 414 apertius.
1200 365 1262 401 Tu
1284 362 1315 401 si
1337 376 1400 400 me
1419 375 1527 400 amas

201 434 353 466 tantum
383 437 575 479 quantum
607 417 784 480 profecto
813 442 934 477 amas,
963 428 1168 479 expeditus
1198 428 1315 466 facito
1344 435 1386 466 ut
1415 427 1466 465 sis
1496 426 1527 464 si

163 502 181 534 5
201 491 415 532 inclamaro
442 502 484 532 ut
510 508 713 542 accurras3
742 495 811 532 sed
839 495 892 532 do
917 507 1077 543 operam
1106 501 1145 532 et
1173 494 1279 532 dabo
1308 506 1357 531 ne
1386 491 1434 530 sit
1463 505 1527 529 ne-

200 569 318 595 cesse.
370 559 492 607 Quod
508 558 738 609 scripseram
754 563 840 598 †et†
859 558 977 596 Furio
993 558 1237 608 scripturum,
1255 557 1350 595 nihil
1366 569 1526 595 necesse

199 629 258 659 est
278 630 389 660 tuum
406 637 553 661 nomen
575 631 749 671 mutare3
779 637 843 661 me
863 623 1005 661 faciam
1033 622 1211 661 Laelium
1232 630 1270 661 et
1290 630 1328 660 te
1348 621 1526 659 Atticum

199 699 328 735 neque
358 696 444 725 utar
472 701 562 726 meo
592 687 853 738 chirographo
885 702 1015 737 neque
1044 687 1166 737 signo,
1199 687 1230 725 si
1262 687 1382 725 modo
1412 692 1526 724 erunt

199 750 281 789 eius
303 752 411 789 modi
432 752 581 791 litterae
602 766 698 802 quas
720 752 759 790 in
779 753 952 791 alienum
973 752 1146 791 incidere
1166 752 1299 790 nolim.

143 827 180 849 10
254 816 452 854 Diodotus
482 825 659 855 mortuus
680 825 762 865 est3
792 817 947 867 reliquit
976 817 1091 856 nobis
1123 818 1193 855 HS
1223 818 1385 855 fortasse
1412 815 1571 855 †cen-6

198 879 333 919 tiens†.
388 881 561 920 Comitia
590 882 754 920 Bibulus
784 896 875 920 cum
904 882 1159 920 Archilochio
1198 881 1328 920 edicto
1362 880 1401 918 in
1434 887 1525 917 ante

198 944 303 983 diem
333 957 390 982 xv
423 947 509 984 Kal.
543 947 757 985 Novembr.
789 947 950 986 distulit.
1010 949 1047 985 A
1075 946 1195 985 Vibio
1229 946 1347 984 libros
1376 944 1524 994 accepi.

198 1010 321 1047 Poeta
359 1009 514 1059 ineptus
554 1018 592 1048 et
630 1019 763 1050 tamen
801 1011 874 1050 scit
907 1011 1018 1059 nihil,
1052 1011 1122 1049 sed
1156 1018 1214 1049 est
1248 1023 1330 1048 non
1364 1008 1524 1047 inutilis.

199 1073 392 1112 Describo
421 1082 460 1113 et
488 1074 654 1114 remitto.

140 1204 176 1235 15
238 1190 349 1225 XXI
417 1193 487 1226 Ser.
509 1195 639 1226 Romae
648 1199 725 1236 post
738 1196 796 1226 viii
808 1195 851 1226 K.
871 1194 975 1235 Sext„
987 1199 1062 1227 ante
1077 1205 1122 1226 xv
1138 1194 1179 1226 K.
1198 1193 1280 1226 Nov.
1300 1203 1329 1226 α.
1349 1195 1408 1234 695
1421 1192 1503 1234 (59),

608 1272 783 1304 CICERO
807 1272 979 1303 ATTICO
1004 1272 1102 1304 SAL.

252 1352 314 1389 De
343 1364 383 1389 re
414 1350 573 1401 publica
598 1350 694 1400 quid
720 1363 794 1399 ego
823 1349 894 1388 tibi
920 1349 1143 1388 subtiliter?
1197 1351 1301 1388 Tota
1329 1347 1441 1399 periit
1469 1354 1523 1386 at·
1541 1359 1560 1386 1

197 1429 274 1465 que
303 1417 381 1453 hoc
409 1424 467 1454 est
492 1414 668 1453 miserior
696 1428 815 1465 quam
845 1414 1044 1464 reliquisti,
1067 1415 1175 1463 quod
1206 1421 1288 1451 tum
1317 1413 1523 1451 videbatur

197 1479 280 1518 eius
312 1480 421 1518 modi
456 1479 676 1518 dominatio
707 1479 905 1517 civitatem
940 1478 1178 1528 oppressisse
1212 1491 1312 1527 quae
1350 1477 1521 1515 iucunda

138 1559 176 1580 20
196 1552 298 1583 esset
331 1544 587 1592 multitudini,
617 1544 732 1583 bonis
765 1552 898 1582 autem
928 1543 981 1581 ita
1011 1544 1174 1581 molesta
1205 1550 1247 1580 ut
1277 1550 1408 1579 tamen
1438 1541 1521 1579 sine

196 1608 380 1659 pernicie,
397 1623 503 1648 nunc
524 1617 684 1659 repente
705 1616 815 1647 tanto
836 1608 875 1646 in
897 1608 990 1647 odio
1011 1615 1069 1646 est
1090 1607 1274 1646 omnibus
1295 1614 1336 1644 ut
1356 1619 1520 1655 quorsus

194 1682 376 1724 eruptura
414 1674 463 1712 sit
501 1675 738 1712 horreamus.
810 1674 915 1711 Nam
949 1671 1192 1710 iracundiam
1231 1678 1348 1720 atque
1386 1670 1521 1708 intem-

193 1738 409 1789 perantiam
444 1739 599 1777 illorum
634 1751 768 1776 sumus
807 1737 955 1788 experti
988 1736 1055 1787 qui
1091 1735 1233 1775 Catoni
1267 1735 1350 1773 irati
1389 1735 1521 1773 omnia

195 1803 462 1854 perdiderunt,
501 1805 571 1842 sed
610 1803 664 1842 ita
701 1802 856 1841 lenibus
904 1802 960 1840 uti
998 1801 1233 1840 videbantur
1270 1799 1430 1838 venenis
1477 1807 1520 1837 ut

135 1880 173 1912 25
193 1881 308 1918 posse
347 1868 569 1907 videremur
607 1868 691 1907 sine
730 1869 866 1907 dolore
905 1867 1086 1914 interire,
1129 1879 1236 1903 nunc
1268 1879 1360 1903 vero
1398 1864 1519 1902 sibilis

192 1933 306 1983 vulgi,
344 1934 592 1972 sermonibus
630 1935 902 1981 honestorum,
936 1932 1091 1971 fremitu
1128 1931 1264 1970 Italiae
1298 1944 1431 1968 vereor
1469 1942 1518 1967 ne

191 1998 411 2036 exarserint.
463 1999 660 2049 Equidem
681 2000 897 2049 sperabam,
920 2005 962 2035 ut
984 2010 1100 2047 saepe
1121 1996 1238 2035 etiarn
1259 1994 1366 2044 loqui
1387 2003 1516 2032 tecum
1535 2005 1560 2032 2

192 2062 379 2109 solebam,
417 2063 471 2101 sic
511 2064 647 2102 orbem
686 2063 740 2101 rei
778 2062 960 2113 publicae
998 2074 1083 2099 esse
1117 2073 1349 2099 conversum
1383 2066 1425 2096 ut
1455 2058 1517 2096 vix

191 2126 364 2164 sonitum
395 2127 540 2174 audire,
572 2127 634 2165 vix
665 2127 893 2177 impressam
928 2125 1095 2163 orbitam
1124 2124 1255 2162 videre
1284 2136 1516 2173 possemus;

133 2204 171 2233 30
191 2199 229 2229 et
260 2191 395 2229 fuisset
424 2191 488 2238 ita,
511 2191 542 2229 si
572 2192 752 2230 homines
783 2190 987 2229 transitum
1019 2188 1260 2238 tempestatis
1292 2194 1515 2236 exspectare

233 2296 254 2325 6
278 2294 327 2325 etl
346 2305 399 2324 me
417 2295 475 2325 tibi
494 2299 530 2325 ut
547 2295 625 2325 com'.
651 2294 839 2334 W'senberg
855 2306 861 2324 :
875 2294 953 2332 fort.
975 2303 1027 2322 me
1178 2301 1217 2321 10
1241 2295 1375 2320 centum
1393 2289 1514 2320 Scln'c'lz

192 2348 228 2368 12
251 2342 321 2377 post
339 2338 440 2368 libros
452 2337 528 2369 add.
547 2338 731 2367 Alexandri
748 2336 941 2373 Wesenberg,
958 2336 994 2376 cf.
1012 2346 1062 2365 22.
1081 2345 1097 2373 7
1191 2344 1227 2372 13
1253 2334 1304 2374 et]
1323 2344 1384 2364 nec
1401 2333 1488 2372 vulg.
1503 2343 1509 2364 :

189 2387 250 2420 est,
272 2387 305 2411 ct
322 2381 406 2412 Boot
493 2381 594 2422 nihil]
613 2391 681 2411 non
700 2380 783 2410 mhil
801 2381 879 2411 coni.
902 2379 1091 2418 Wesenberg
1104 2377 1188 2408 Boot
