<?xml version="1.0" encoding="UTF-8"?>
<!DOCTYPE html PUBLIC "-//W3C//DTD XHTML 1.0 Transitional//EN"
    "http://www.w3.org/TR/xhtml1/DTD/xhtml1-transitional.dtd">
<html xmlns="http://www.w3.org/1999/xhtml" xml:lang="en" lang="en">
 <head>
  <title>
</title>
<meta http-equiv="Content-Type" content="text/html;charset=utf-8" />
  <meta name='ocr-system' content='tesseract 3.04.00' />
  <meta name='ocr-capabilities' content='ocr_page ocr_carea ocr_par ocr_line ocrx_word'/>
</head>
<body>
  <div class='ocr_page' id='page_1' title='image "./epistulaerecogno0201ciceuoft_0097.png"; bbox 0 0 1790 2837; ppageno 0'>
   <div class='ocr_carea' id='block_1_1' title="bbox 598 136 1627 175">
    <p class='ocr_par' dir='ltr' id='par_1_1' title="bbox 598 136 1627 175">
     <span class='ocr_line' id='line_1_1' title="bbox 598 136 1627 175; baseline 0 -1"><span class='ocrx_word' id='word_1_1' title='bbox 598 137 711 174; x_wconf 87' lang='lat' dir='ltr'><strong>EPP.</strong></span> <span class='ocrx_word' id='word_1_2' title='bbox 742 138 820 174; x_wconf 87' lang='lat' dir='ltr'>AD</span> <span class='ocrx_word' id='word_1_3' title='bbox 851 136 1109 175; x_wconf 84' lang='lat' dir='ltr'><strong>ATTICVM</strong></span> <span class='ocrx_word' id='word_1_4' title='bbox 1464 136 1518 173; x_wconf 90' lang='grc' dir='ltr'>ΙΙ.</span> <span class='ocrx_word' id='word_1_5' title='bbox 1537 137 1627 174; x_wconf 85' lang='lat' dir='ltr'>xxii</span> 
     </span>
    </p>
   </div>
   <div class='ocr_carea' id='block_1_2' title="bbox 132 246 1561 1014">
    <p class='ocr_par' dir='ltr' id='par_1_2' title="bbox 189 246 1516 365">
     <span class='ocr_line' id='line_1_2' title="bbox 189 246 1516 300; baseline -0.002 -12"><span class='ocrx_word' id='word_1_6' title='bbox 189 249 285 300; x_wconf 89' lang='lat' dir='ltr'>quid</span> <span class='ocrx_word' id='word_1_7' title='bbox 315 262 403 288; x_wconf 88' lang='lat' dir='ltr'>mea</span> <span class='ocrx_word' id='word_1_8' title='bbox 431 250 623 296; x_wconf 88' lang='lat' dir='ltr'>voluntas,</span> <span class='ocrx_word' id='word_1_9' title='bbox 657 247 753 298; x_wconf 87' lang='lat' dir='ltr'>quid</span> <span class='ocrx_word' id='word_1_10' title='bbox 783 255 948 298; x_wconf 89' lang='lat' dir='ltr'>tempus,</span> <span class='ocrx_word' id='word_1_11' title='bbox 981 246 1077 297; x_wconf 87' lang='lat' dir='ltr'>quid</span> <span class='ocrx_word' id='word_1_12' title='bbox 1106 246 1160 286; x_wconf 90' lang='lat' dir='ltr'>rei</span> <span class='ocrx_word' id='word_1_13' title='bbox 1189 246 1420 298; x_wconf 81' lang='lat' dir='ltr'>magnitudo</span> <span class='ocrx_word' id='word_1_14' title='bbox 1450 260 1516 298; x_wconf 91' lang='lat' dir='ltr'>po-</span> 
     </span>
     <span class='ocr_line' id='line_1_3' title="bbox 189 314 529 365; baseline -0.003 -12"><span class='ocrx_word' id='word_1_15' title='bbox 189 316 305 353; x_wconf 89' lang='lat' dir='ltr'>stulet</span> <span class='ocrx_word' id='word_1_16' title='bbox 325 314 529 365; x_wconf 78' lang='lat' dir='ltr'><strong>intellegis.</strong></span> 
     </span>
    </p>

    <p class='ocr_par' dir='ltr' id='par_1_3' title="bbox 189 377 1561 493">
     <span class='ocr_line' id='line_1_4' title="bbox 244 377 1561 430; baseline 0 -12"><span class='ocrx_word' id='word_1_17' title='bbox 244 381 306 418; x_wconf 91' lang='lat' dir='ltr'>De</span> <span class='ocrx_word' id='word_1_18' title='bbox 335 393 375 418; x_wconf 94' lang='lat' dir='ltr'>re</span> <span class='ocrx_word' id='word_1_19' title='bbox 404 379 563 430; x_wconf 85' lang='lat' dir='ltr'>publica</span> <span class='ocrx_word' id='word_1_20' title='bbox 592 378 689 417; x_wconf 91' lang='lat' dir='ltr'>nihil</span> <span class='ocrx_word' id='word_1_21' title='bbox 716 379 845 417; x_wconf 87' lang='lat' dir='ltr'>habeo</span> <span class='ocrx_word' id='word_1_22' title='bbox 873 379 923 417; x_wconf 89' lang='lat' dir='ltr'>ad</span> <span class='ocrx_word' id='word_1_23' title='bbox 951 386 988 417; x_wconf 86' lang='lat' dir='ltr'>te</span> <span class='ocrx_word' id='word_1_24' title='bbox 1017 378 1185 417; x_wconf 89' lang='lat' dir='ltr'>scribere</span> <span class='ocrx_word' id='word_1_25' title='bbox 1212 377 1287 416; x_wconf 90' lang='lat' dir='ltr'>nisi</span> <span class='ocrx_word' id='word_1_26' title='bbox 1314 391 1514 416; x_wconf 88' lang='lat' dir='ltr'>summum</span> <span class='ocrx_word' id='word_1_27' title='bbox 1534 381 1561 418; x_wconf 92' lang='lat'>6</span> 
     </span>
     <span class='ocr_line' id='line_1_5' title="bbox 189 443 1516 493; baseline -0.002 -10"><span class='ocrx_word' id='word_1_28' title='bbox 189 444 326 483; x_wconf 88' lang='lat' dir='ltr'>odium</span> <span class='ocrx_word' id='word_1_29' title='bbox 347 444 526 483; x_wconf 90' lang='lat' dir='ltr'>omnium</span> <span class='ocrx_word' id='word_1_30' title='bbox 553 443 761 483; x_wconf 88' lang='lat' dir='ltr'>hominum</span> <span class='ocrx_word' id='word_1_31' title='bbox 782 443 822 481; x_wconf 90' lang='lat' dir='ltr'>in</span> <span class='ocrx_word' id='word_1_32' title='bbox 843 457 910 482; x_wconf 93' lang='lat' dir='ltr'>eos</span> <span class='ocrx_word' id='word_1_33' title='bbox 932 443 999 493; x_wconf 93' lang='lat' dir='ltr'>qui</span> <span class='ocrx_word' id='word_1_34' title='bbox 1020 451 1155 482; x_wconf 85' lang='lat' dir='ltr'>tenent</span> <span class='ocrx_word' id='word_1_35' title='bbox 1183 443 1326 482; x_wconf 86' lang='lat' dir='ltr'>omnia.</span> <span class='ocrx_word' id='word_1_36' title='bbox 1387 445 1516 481; x_wconf 91' lang='lat' dir='ltr'>Muta-</span> 
     </span>
    </p>

    <p class='ocr_par' dir='ltr' id='par_1_4' title="bbox 153 509 1517 756">
     <span class='ocr_line' id='line_1_6' title="bbox 153 509 1516 561; baseline 0.001 -14"><span class='ocrx_word' id='word_1_37' title='bbox 153 522 168 552; x_wconf 83' lang='lat'>5</span> <span class='ocrx_word' id='word_1_38' title='bbox 189 509 307 548; x_wconf 89' lang='lat' dir='ltr'>tionis</span> <span class='ocrx_word' id='word_1_39' title='bbox 338 518 470 549; x_wconf 89' lang='lat' dir='ltr'>tamen</span> <span class='ocrx_word' id='word_1_40' title='bbox 504 525 593 561; x_wconf 83' lang='lat' dir='ltr'>spes</span> <span class='ocrx_word' id='word_1_41' title='bbox 622 513 739 550; x_wconf 89' lang='lat' dir='ltr'>nulla.</span> <span class='ocrx_word' id='word_1_42' title='bbox 799 512 887 558; x_wconf 88' lang='lat' dir='ltr'>Sed,</span> <span class='ocrx_word' id='word_1_43' title='bbox 918 512 1026 560; x_wconf 86' lang='lat' dir='ltr'>quod</span> <span class='ocrx_word' id='word_1_44' title='bbox 1056 511 1168 549; x_wconf 90' lang='lat' dir='ltr'>facile</span> <span class='ocrx_word' id='word_1_45' title='bbox 1198 510 1352 557; x_wconf 87' lang='lat' dir='ltr'>sentias,</span> <span class='ocrx_word' id='word_1_46' title='bbox 1385 511 1516 549; x_wconf 84' lang='lat' dir='ltr'>taedet</span> 
     </span>
     <span class='ocr_line' id='line_1_7' title="bbox 189 574 1515 626; baseline 0 -13"><span class='ocrx_word' id='word_1_47' title='bbox 189 574 319 625; x_wconf 88' lang='lat' dir='ltr'>ipsum</span> <span class='ocrx_word' id='word_1_48' title='bbox 349 576 584 626; x_wconf 91' lang='lat' dir='ltr'>Pompeium</span> <span class='ocrx_word' id='word_1_49' title='bbox 604 578 938 625; x_wconf 83' lang='lat' dir='ltr'>vehementerque</span> <span class='ocrx_word' id='word_1_50' title='bbox 967 575 1151 625; x_wconf 85' lang='lat' dir='ltr'>paenitet.</span> <span class='ocrx_word' id='word_1_51' title='bbox 1212 577 1305 613; x_wconf 89' lang='lat' dir='ltr'>Non</span> <span class='ocrx_word' id='word_1_52' title='bbox 1326 574 1515 625; x_wconf 84' lang='lat' dir='ltr'>provideo</span> 
     </span>
     <span class='ocr_line' id='line_1_8' title="bbox 188 639 1517 690; baseline 0 -13"><span class='ocrx_word' id='word_1_53' title='bbox 188 639 280 678; x_wconf 84' lang='lat' dir='ltr'>satis</span> <span class='ocrx_word' id='word_1_54' title='bbox 319 653 439 690; x_wconf 89' lang='lat' dir='ltr'>quem</span> <span class='ocrx_word' id='word_1_55' title='bbox 478 640 625 679; x_wconf 81' lang='lat' dir='ltr'>exitum</span> <span class='ocrx_word' id='word_1_56' title='bbox 663 642 837 679; x_wconf 67' lang='lat' dir='ltr'>futurum</span> <span class='ocrx_word' id='word_1_57' title='bbox 876 647 1042 690; x_wconf 79' lang='lat' dir='ltr'>putem3</span> <span class='ocrx_word' id='word_1_58' title='bbox 1084 641 1153 678; x_wconf 90' lang='lat' dir='ltr'>sed</span> <span class='ocrx_word' id='word_1_59' title='bbox 1193 647 1297 678; x_wconf 90' lang='lat' dir='ltr'>certe</span> <span class='ocrx_word' id='word_1_60' title='bbox 1335 639 1517 678; x_wconf 87' lang='lat' dir='ltr'>videntur</span> 
     </span>
     <span class='ocr_line' id='line_1_9' title="bbox 189 704 668 756; baseline 0.004 -14"><span class='ocrx_word' id='word_1_61' title='bbox 189 705 288 743; x_wconf 89' lang='lat' dir='ltr'>haec</span> <span class='ocrx_word' id='word_1_62' title='bbox 315 704 448 754; x_wconf 89' lang='lat' dir='ltr'>aliquo</span> <span class='ocrx_word' id='word_1_63' title='bbox 476 713 668 756; x_wconf 79' lang='lat' dir='ltr'><strong>eruptura.</strong></span> 
     </span>
    </p>

    <p class='ocr_par' dir='ltr' id='par_1_5' title="bbox 244 768 1558 820">
     <span class='ocr_line' id='line_1_10' title="bbox 244 768 1558 820; baseline -0.002 -12"><span class='ocrx_word' id='word_1_64' title='bbox 244 768 383 808; x_wconf 87' lang='lat' dir='ltr'>Libros</span> <span class='ocrx_word' id='word_1_65' title='bbox 404 770 627 817; x_wconf 77' lang='lat' dir='ltr'>Alexandri,</span> <span class='ocrx_word' id='word_1_66' title='bbox 645 769 887 820; x_wconf 82' lang='lat' dir='ltr'>neglegentis</span> <span class='ocrx_word' id='word_1_67' title='bbox 907 769 1080 808; x_wconf 88' lang='lat' dir='ltr'>hominis</span> <span class='ocrx_word' id='word_1_68' title='bbox 1101 776 1139 808; x_wconf 87' lang='lat' dir='ltr'>et</span> <span class='ocrx_word' id='word_1_69' title='bbox 1159 783 1240 807; x_wconf 88' lang='lat' dir='ltr'>non</span> <span class='ocrx_word' id='word_1_70' title='bbox 1260 768 1356 807; x_wconf 89' lang='lat' dir='ltr'>boni</span> <span class='ocrx_word' id='word_1_71' title='bbox 1376 775 1516 819; x_wconf 89' lang='lat' dir='ltr'>poetae</span> <span class='ocrx_word' id='word_1_72' title='bbox 1536 778 1558 816; x_wconf 92' lang='lat'>7</span> 
     </span>
    </p>

    <p class='ocr_par' dir='ltr' id='par_1_6' title="bbox 132 832 1518 1014">
     <span class='ocr_line' id='line_1_11' title="bbox 132 832 1516 880; baseline 0.001 -11"><span class='ocrx_word' id='word_1_73' title='bbox 132 846 172 869; x_wconf 93' lang='lat'>10</span> <span class='ocrx_word' id='word_1_74' title='bbox 190 834 260 871; x_wconf 89' lang='lat' dir='ltr'>sed</span> <span class='ocrx_word' id='word_1_75' title='bbox 281 841 413 872; x_wconf 84' lang='lat' dir='ltr'>tamen</span> <span class='ocrx_word' id='word_1_76' title='bbox 433 847 515 872; x_wconf 89' lang='lat' dir='ltr'>non</span> <span class='ocrx_word' id='word_1_77' title='bbox 534 833 692 880; x_wconf 84' lang='lat' dir='ltr'>inutilis,</span> <span class='ocrx_word' id='word_1_78' title='bbox 717 834 787 872; x_wconf 89' lang='lat' dir='ltr'>tibi</span> <span class='ocrx_word' id='word_1_79' title='bbox 807 833 949 872; x_wconf 86' lang='lat' dir='ltr'>remisi.</span> <span class='ocrx_word' id='word_1_80' title='bbox 1006 833 1240 871; x_wconf 84' lang='lat' dir='ltr'>Numerium</span> <span class='ocrx_word' id='word_1_81' title='bbox 1262 832 1516 871; x_wconf 76' lang='lat' dir='ltr'>Numestium</span> 
     </span>
     <span class='ocr_line' id='line_1_12' title="bbox 189 897 1518 948; baseline -0.001 -13"><span class='ocrx_word' id='word_1_82' title='bbox 189 898 356 936; x_wconf 77' lang='lat' dir='ltr'>libenter</span> <span class='ocrx_word' id='word_1_83' title='bbox 374 897 510 948; x_wconf 89' lang='lat' dir='ltr'>accepi</span> <span class='ocrx_word' id='word_1_84' title='bbox 530 898 571 936; x_wconf 81' lang='lat' dir='ltr'>in</span> <span class='ocrx_word' id='word_1_85' title='bbox 597 898 811 937; x_wconf 77' lang='lat' dir='ltr'>amicitiam</span> <span class='ocrx_word' id='word_1_86' title='bbox 831 905 869 936; x_wconf 89' lang='lat' dir='ltr'>et</span> <span class='ocrx_word' id='word_1_87' title='bbox 889 897 1093 936; x_wconf 90' lang='lat' dir='ltr'>hominem</span> <span class='ocrx_word' id='word_1_88' title='bbox 1112 911 1269 947; x_wconf 84' lang='lat' dir='ltr'>gravem</span> <span class='ocrx_word' id='word_1_89' title='bbox 1290 904 1328 935; x_wconf 87' lang='lat' dir='ltr'>et</span> <span class='ocrx_word' id='word_1_90' title='bbox 1350 898 1518 947; x_wconf 88' lang='lat' dir='ltr'>pruden-</span> 
     </span>
     <span class='ocr_line' id='line_1_13' title="bbox 189 962 1166 1014; baseline -0.001 -12"><span class='ocrx_word' id='word_1_91' title='bbox 189 971 268 1002; x_wconf 88' lang='lat' dir='ltr'>tem</span> <span class='ocrx_word' id='word_1_92' title='bbox 289 970 328 1002; x_wconf 82' lang='lat' dir='ltr'>et</span> <span class='ocrx_word' id='word_1_93' title='bbox 348 963 513 1014; x_wconf 85' lang='lat' dir='ltr'>dignum</span> <span class='ocrx_word' id='word_1_94' title='bbox 533 974 600 1001; x_wconf 87' lang='lat' dir='ltr'>tua</span> <span class='ocrx_word' id='word_1_95' title='bbox 619 963 968 1002; x_wconf 74' lang='lat' dir='ltr'>commendatione</span> <span class='ocrx_word' id='word_1_96' title='bbox 989 962 1166 1013; x_wconf 82' lang='lat' dir='ltr'>cognovi.</span> 
     </span>
    </p>
   </div>
   <div class='ocr_carea' id='block_1_3' title="bbox 231 1062 1248 1151">
    <p class='ocr_par' dir='ltr' id='par_1_7' title="bbox 231 1062 1248 1151">
     <span class='ocr_line' id='line_1_14' title="bbox 231 1062 1248 1107; baseline 0 -9"><span class='ocrx_word' id='word_1_97' title='bbox 231 1062 393 1098; x_wconf 83' lang='lat' dir='ltr'>XXIII</span> <span class='ocrx_word' id='word_1_98' title='bbox 466 1064 536 1098; x_wconf 83' lang='lat' dir='ltr'>Scr.</span> <span class='ocrx_word' id='word_1_99' title='bbox 557 1065 687 1097; x_wconf 84' lang='lat' dir='ltr'>Romae</span> <span class='ocrx_word' id='word_1_100' title='bbox 703 1070 777 1097; x_wconf 77' lang='lat' dir='ltr'>ante</span> <span class='ocrx_word' id='word_1_101' title='bbox 790 1077 834 1097; x_wconf 75' lang='lat' dir='ltr'>xv</span> <span class='ocrx_word' id='word_1_102' title='bbox 859 1065 902 1097; x_wconf 81' lang='lat' dir='ltr'>K.</span> <span class='ocrx_word' id='word_1_103' title='bbox 919 1065 1002 1098; x_wconf 88' lang='lat' dir='ltr'>Nov.</span> <span class='ocrx_word' id='word_1_104' title='bbox 1022 1077 1053 1099; x_wconf 86' lang='lat' dir='ltr'>a.</span> <span class='ocrx_word' id='word_1_105' title='bbox 1073 1067 1133 1106; x_wconf 78' lang='lat'>695</span> <span class='ocrx_word' id='word_1_106' title='bbox 1153 1066 1222 1107; x_wconf 82' lang='lat'>(59)</span> <span class='ocrx_word' id='word_1_107' title='bbox 1237 1077 1248 1098; x_wconf 87' lang='lat'>.·</span> 
     </span>
     <span class='ocr_line' id='line_1_15' title="bbox 664 1109 1033 1151; baseline -0.005 -10"><span class='ocrx_word' id='word_1_108' title='bbox 664 1110 745 1151; x_wconf 79' lang='lat' dir='ltr'>fort.</span> <span class='ocrx_word' id='word_1_109' title='bbox 763 1109 867 1140; x_wconf 70' lang='lat' dir='ltr'>medio</span> <span class='ocrx_word' id='word_1_110' title='bbox 883 1121 927 1141; x_wconf 83' lang='lat' dir='ltr'>m.</span> <span class='ocrx_word' id='word_1_111' title='bbox 944 1109 1033 1142; x_wconf 78' lang='lat' dir='ltr'>Sext.</span> 
     </span>
    </p>
   </div>
   <div class='ocr_carea' id='block_1_4' title="bbox 132 1186 1098 1229">
    <p class='ocr_par' dir='ltr' id='par_1_8' title="bbox 132 1186 1098 1229">
     <span class='ocr_line' id='line_1_16' title="bbox 132 1186 1098 1229; baseline -0.002 -10"><span class='ocrx_word' id='word_1_112' title='bbox 132 1198 167 1229; x_wconf 86' lang='lat'>15</span> <span class='ocrx_word' id='word_1_113' title='bbox 604 1188 778 1219; x_wconf 86' lang='lat' dir='ltr'>CICERO</span> <span class='ocrx_word' id='word_1_114' title='bbox 803 1187 974 1218; x_wconf 88' lang='lat' dir='ltr'>ATTICO</span> <span class='ocrx_word' id='word_1_115' title='bbox 1000 1186 1098 1218; x_wconf 87' lang='lat' dir='ltr'><strong>SAL.</strong></span> 
     </span>
    </p>
   </div>
   <div class='ocr_carea' id='block_1_5' title="bbox 132 1265 1558 2359">
    <p class='ocr_par' dir='ltr' id='par_1_9' title="bbox 188 1265 1553 1501">
     <span class='ocr_line' id='line_1_17' title="bbox 242 1265 1553 1319; baseline -0.001 -12"><span class='ocrx_word' id='word_1_116' title='bbox 242 1269 474 1319; x_wconf 82' lang='lat' dir='ltr'>Numquam</span> <span class='ocrx_word' id='word_1_117' title='bbox 504 1276 596 1307; x_wconf 90' lang='lat' dir='ltr'>ante</span> <span class='ocrx_word' id='word_1_118' title='bbox 623 1267 790 1307; x_wconf 80' lang='lat' dir='ltr'>arbitror</span> <span class='ocrx_word' id='word_1_119' title='bbox 816 1275 854 1306; x_wconf 90' lang='lat' dir='ltr'>te</span> <span class='ocrx_word' id='word_1_120' title='bbox 874 1267 1082 1317; x_wconf 76' lang='lat' dir='ltr'>epistulam</span> <span class='ocrx_word' id='word_1_121' title='bbox 1114 1280 1243 1305; x_wconf 92' lang='lat' dir='ltr'>meam</span> <span class='ocrx_word' id='word_1_122' title='bbox 1273 1265 1413 1317; x_wconf 81' lang='lat' dir='ltr'>legisse</span> <span class='ocrx_word' id='word_1_123' title='bbox 1441 1265 1516 1305; x_wconf 87' lang='lat' dir='ltr'>nisi</span> <span class='ocrx_word' id='word_1_124' title='bbox 1537 1279 1553 1306; x_wconf 95' lang='lat'>1</span> 
     </span>
     <span class='ocr_line' id='line_1_18' title="bbox 189 1331 1517 1383; baseline -0.002 -12"><span class='ocrx_word' id='word_1_125' title='bbox 189 1347 278 1372; x_wconf 89' lang='lat' dir='ltr'>mea</span> <span class='ocrx_word' id='word_1_126' title='bbox 297 1347 417 1371; x_wconf 82' lang='lat' dir='ltr'>manu</span> <span class='ocrx_word' id='word_1_127' title='bbox 445 1332 640 1383; x_wconf 75' lang='lat' dir='ltr'>scriptam.</span> <span class='ocrx_word' id='word_1_128' title='bbox 701 1335 761 1371; x_wconf 83' lang='lat' dir='ltr'>Ex</span> <span class='ocrx_word' id='word_1_129' title='bbox 789 1346 838 1371; x_wconf 92' lang='lat' dir='ltr'>eo</span> <span class='ocrx_word' id='word_1_130' title='bbox 864 1331 1045 1382; x_wconf 78' lang='lat' dir='ltr'>colligere</span> <span class='ocrx_word' id='word_1_131' title='bbox 1065 1331 1210 1382; x_wconf 85' lang='lat' dir='ltr'>poteris</span> <span class='ocrx_word' id='word_1_132' title='bbox 1231 1340 1377 1381; x_wconf 85' lang='lat' dir='ltr'>quanta</span> <span class='ocrx_word' id='word_1_133' title='bbox 1404 1345 1517 1370; x_wconf 91' lang='lat' dir='ltr'>occu-</span> 
     </span>
     <span class='ocr_line' id='line_1_19' title="bbox 188 1396 1512 1448; baseline -0.002 -12"><span class='ocrx_word' id='word_1_134' title='bbox 188 1397 348 1448; x_wconf 85' lang='lat' dir='ltr'>patione</span> <span class='ocrx_word' id='word_1_135' title='bbox 369 1397 567 1436; x_wconf 87' lang='lat' dir='ltr'>distinear.</span> <span class='ocrx_word' id='word_1_136' title='bbox 618 1399 724 1436; x_wconf 90' lang='lat' dir='ltr'>Nam</span> <span class='ocrx_word' id='word_1_137' title='bbox 744 1411 835 1436; x_wconf 90' lang='lat' dir='ltr'>cum</span> <span class='ocrx_word' id='word_1_138' title='bbox 856 1396 970 1435; x_wconf 87' lang='lat' dir='ltr'>vacui</span> <span class='ocrx_word' id='word_1_139' title='bbox 990 1396 1177 1446; x_wconf 88' lang='lat' dir='ltr'>temporis</span> <span class='ocrx_word' id='word_1_140' title='bbox 1198 1396 1294 1433; x_wconf 90' lang='lat' dir='ltr'>nihil</span> <span class='ocrx_word' id='word_1_141' title='bbox 1315 1397 1512 1444; x_wconf 85' lang='lat' dir='ltr'>haberem,</span> 
     </span>
     <span class='ocr_line' id='line_1_20' title="bbox 189 1460 1516 1501; baseline -0.002 0"><span class='ocrx_word' id='word_1_142' title='bbox 189 1470 227 1501; x_wconf 90' lang='lat' dir='ltr'>et</span> <span class='ocrx_word' id='word_1_143' title='bbox 256 1477 347 1501; x_wconf 93' lang='lat' dir='ltr'>cum</span> <span class='ocrx_word' id='word_1_144' title='bbox 371 1464 608 1501; x_wconf 82' lang='lat' dir='ltr'>recreandae</span> <span class='ocrx_word' id='word_1_145' title='bbox 626 1464 791 1500; x_wconf 88' lang='lat' dir='ltr'>voculae</span> <span class='ocrx_word' id='word_1_146' title='bbox 818 1475 936 1500; x_wconf 84' lang='lat' dir='ltr'>causa</span> <span class='ocrx_word' id='word_1_147' title='bbox 962 1474 1122 1499; x_wconf 89' lang='lat' dir='ltr'>necesse</span> <span class='ocrx_word' id='word_1_148' title='bbox 1143 1468 1245 1498; x_wconf 85' lang='lat' dir='ltr'>esset</span> <span class='ocrx_word' id='word_1_149' title='bbox 1266 1460 1361 1498; x_wconf 87' lang='lat' dir='ltr'>mihi</span> <span class='ocrx_word' id='word_1_150' title='bbox 1381 1461 1516 1499; x_wconf 89' lang='lat' dir='ltr'>ambu-</span> 
     </span>
    </p>

    <p class='ocr_par' dir='ltr' id='par_1_10' title="bbox 132 1524 1558 1837">
     <span class='ocr_line' id='line_1_21' title="bbox 132 1524 1558 1575; baseline -0.003 -9"><span class='ocrx_word' id='word_1_151' title='bbox 132 1546 170 1567; x_wconf 93' lang='lat'>20</span> <span class='ocrx_word' id='word_1_152' title='bbox 189 1528 278 1574; x_wconf 87' lang='lat' dir='ltr'>lare,</span> <span class='ocrx_word' id='word_1_153' title='bbox 301 1528 398 1565; x_wconf 88' lang='lat' dir='ltr'>haec</span> <span class='ocrx_word' id='word_1_154' title='bbox 425 1526 569 1565; x_wconf 89' lang='lat' dir='ltr'>dictavi</span> <span class='ocrx_word' id='word_1_155' title='bbox 595 1527 814 1565; x_wconf 85' lang='lat' dir='ltr'>ambulans.</span> <span class='ocrx_word' id='word_1_156' title='bbox 875 1525 1050 1564; x_wconf 89' lang='lat' dir='ltr'>Primum</span> <span class='ocrx_word' id='word_1_157' title='bbox 1081 1525 1195 1575; x_wconf 81' lang='lat' dir='ltr'>igitur</span> <span class='ocrx_word' id='word_1_158' title='bbox 1224 1524 1321 1563; x_wconf 91' lang='lat' dir='ltr'>illud</span> <span class='ocrx_word' id='word_1_159' title='bbox 1350 1532 1389 1563; x_wconf 89' lang='lat' dir='ltr'>te</span> <span class='ocrx_word' id='word_1_160' title='bbox 1418 1525 1515 1563; x_wconf 89' lang='lat' dir='ltr'>scire</span> <span class='ocrx_word' id='word_1_161' title='bbox 1534 1535 1558 1563; x_wconf 84' lang='lat'>2</span> 
     </span>
     <span class='ocr_line' id='line_1_22' title="bbox 187 1590 1517 1642; baseline -0.002 -12"><span class='ocrx_word' id='word_1_162' title='bbox 187 1593 289 1640; x_wconf 86' lang='lat' dir='ltr'>volo,</span> <span class='ocrx_word' id='word_1_163' title='bbox 330 1591 685 1642; x_wconf 86' lang='lat' dir='ltr'>Sampsiceramum</span> <span class='ocrx_word' id='word_1_164' title='bbox 733 1599 911 1629; x_wconf 82' lang='lat' dir='ltr'>nostrum</span> <span class='ocrx_word' id='word_1_165' title='bbox 957 1590 1129 1628; x_wconf 87' lang='lat' dir='ltr'>amicum</span> <span class='ocrx_word' id='word_1_166' title='bbox 1167 1591 1420 1628; x_wconf 87' lang='lat' dir='ltr'>vehementer</span> <span class='ocrx_word' id='word_1_167' title='bbox 1457 1590 1517 1628; x_wconf 82' lang='lat' dir='ltr'>sui</span> 
     </span>
     <span class='ocr_line' id='line_1_23' title="bbox 188 1656 1516 1707; baseline -0.003 -12"><span class='ocrx_word' id='word_1_168' title='bbox 188 1665 311 1696; x_wconf 86' lang='lat' dir='ltr'>status</span> <span class='ocrx_word' id='word_1_169' title='bbox 344 1656 544 1707; x_wconf 84' lang='lat' dir='ltr'>paenitere</span> <span class='ocrx_word' id='word_1_170' title='bbox 574 1656 804 1706; x_wconf 82' lang='lat' dir='ltr'>restituique</span> <span class='ocrx_word' id='word_1_171' title='bbox 834 1656 873 1694; x_wconf 93' lang='lat' dir='ltr'>in</span> <span class='ocrx_word' id='word_1_172' title='bbox 904 1669 994 1694; x_wconf 88' lang='lat' dir='ltr'>eum</span> <span class='ocrx_word' id='word_1_173' title='bbox 1025 1656 1157 1693; x_wconf 90' lang='lat' dir='ltr'>locum</span> <span class='ocrx_word' id='word_1_174' title='bbox 1189 1668 1332 1704; x_wconf 86' lang='lat' dir='ltr'>cupere</span> <span class='ocrx_word' id='word_1_175' title='bbox 1361 1668 1407 1692; x_wconf 84' lang='lat' dir='ltr'>ex</span> <span class='ocrx_word' id='word_1_176' title='bbox 1436 1668 1516 1704; x_wconf 87' lang='lat' dir='ltr'>quo</span> 
     </span>
     <span class='ocr_line' id='line_1_24' title="bbox 188 1719 1516 1772; baseline -0.003 -11"><span class='ocrx_word' id='word_1_177' title='bbox 188 1722 348 1769; x_wconf 86' lang='lat' dir='ltr'>decidit,</span> <span class='ocrx_word' id='word_1_178' title='bbox 383 1723 642 1772; x_wconf 87' lang='lat' dir='ltr'>doloremque</span> <span class='ocrx_word' id='word_1_179' title='bbox 673 1735 788 1760; x_wconf 90' lang='lat' dir='ltr'>suum</span> <span class='ocrx_word' id='word_1_180' title='bbox 822 1720 1019 1771; x_wconf 88' lang='lat' dir='ltr'>impertire</span> <span class='ocrx_word' id='word_1_181' title='bbox 1058 1719 1174 1758; x_wconf 89' lang='lat' dir='ltr'>nobis</span> <span class='ocrx_word' id='word_1_182' title='bbox 1206 1727 1244 1758; x_wconf 90' lang='lat' dir='ltr'>et</span> <span class='ocrx_word' id='word_1_183' title='bbox 1278 1719 1516 1758; x_wconf 89' lang='lat' dir='ltr'>medicinam</span> 
     </span>
     <span class='ocr_line' id='line_1_25' title="bbox 189 1784 1517 1837; baseline -0.002 -13"><span class='ocrx_word' id='word_1_184' title='bbox 189 1786 386 1826; x_wconf 89' lang='lat' dir='ltr'>interdum</span> <span class='ocrx_word' id='word_1_185' title='bbox 415 1794 548 1837; x_wconf 90' lang='lat' dir='ltr'>aperte</span> <span class='ocrx_word' id='word_1_186' title='bbox 577 1800 773 1836; x_wconf 88' lang='lat' dir='ltr'>quaerere,</span> <span class='ocrx_word' id='word_1_187' title='bbox 797 1799 915 1836; x_wconf 89' lang='lat' dir='ltr'>quam</span> <span class='ocrx_word' id='word_1_188' title='bbox 944 1799 1017 1835; x_wconf 82' lang='lat' dir='ltr'>ego</span> <span class='ocrx_word' id='word_1_189' title='bbox 1045 1798 1207 1835; x_wconf 82' lang='lat' dir='ltr'>possum</span> <span class='ocrx_word' id='word_1_190' title='bbox 1232 1784 1405 1823; x_wconf 90' lang='lat' dir='ltr'>invenire</span> <span class='ocrx_word' id='word_1_191' title='bbox 1435 1786 1517 1823; x_wconf 89' lang='lat' dir='ltr'>nul-</span> 
     </span>
    </p>

    <p class='ocr_par' dir='ltr' id='par_1_11' title="bbox 134 1849 1516 2030">
     <span class='ocr_line' id='line_1_26' title="bbox 134 1849 1516 1900; baseline -0.001 -10"><span class='ocrx_word' id='word_1_192' title='bbox 134 1863 170 1895; x_wconf 83' lang='lat'>25</span> <span class='ocrx_word' id='word_1_193' title='bbox 190 1853 294 1900; x_wconf 79' lang='lat' dir='ltr'>lam3</span> <span class='ocrx_word' id='word_1_194' title='bbox 335 1851 480 1890; x_wconf 90' lang='lat' dir='ltr'>deinde</span> <span class='ocrx_word' id='word_1_195' title='bbox 518 1851 646 1890; x_wconf 91' lang='lat' dir='ltr'>omnis</span> <span class='ocrx_word' id='word_1_196' title='bbox 676 1851 778 1889; x_wconf 84' lang='lat' dir='ltr'>illius</span> <span class='ocrx_word' id='word_1_197' title='bbox 810 1850 928 1900; x_wconf 86' lang='lat' dir='ltr'>partis</span> <span class='ocrx_word' id='word_1_198' title='bbox 961 1858 1139 1888; x_wconf 88' lang='lat' dir='ltr'>auctores</span> <span class='ocrx_word' id='word_1_199' title='bbox 1170 1863 1216 1887; x_wconf 91' lang='lat' dir='ltr'>ac</span> <span class='ocrx_word' id='word_1_200' title='bbox 1248 1849 1376 1887; x_wconf 83' lang='lat' dir='ltr'>socios</span> <span class='ocrx_word' id='word_1_201' title='bbox 1407 1851 1516 1888; x_wconf 90' lang='lat' dir='ltr'>nullo</span> 
     </span>
     <span class='ocr_line' id='line_1_27' title="bbox 189 1915 1516 1965; baseline 0 -10"><span class='ocrx_word' id='word_1_202' title='bbox 189 1917 409 1956; x_wconf 89' lang='lat' dir='ltr'>adversario</span> <span class='ocrx_word' id='word_1_203' title='bbox 457 1931 749 1965; x_wconf 87' lang='lat' dir='ltr'>consenescere,</span> <span class='ocrx_word' id='word_1_204' title='bbox 791 1916 1095 1955; x_wconf 89' lang='lat' dir='ltr'>consensionem</span> <span class='ocrx_word' id='word_1_205' title='bbox 1134 1915 1404 1954; x_wconf 88' lang='lat' dir='ltr'>universorum</span> <span class='ocrx_word' id='word_1_206' title='bbox 1441 1930 1516 1955; x_wconf 88' lang='lat' dir='ltr'>nec</span> 
     </span>
     <span class='ocr_line' id='line_1_28' title="bbox 190 1981 1322 2030; baseline -0.002 -10"><span class='ocrx_word' id='word_1_207' title='bbox 190 1982 400 2021; x_wconf 80' lang='lat' dir='ltr'>voluntatis</span> <span class='ocrx_word' id='word_1_208' title='bbox 429 1996 502 2021; x_wconf 91' lang='lat' dir='ltr'>nec</span> <span class='ocrx_word' id='word_1_209' title='bbox 533 1982 723 2021; x_wconf 87' lang='lat' dir='ltr'>sermonis</span> <span class='ocrx_word' id='word_1_210' title='bbox 754 1982 942 2020; x_wconf 88' lang='lat' dir='ltr'>maiorem</span> <span class='ocrx_word' id='word_1_211' title='bbox 974 1994 1164 2030; x_wconf 88' lang='lat' dir='ltr'>umquam</span> <span class='ocrx_word' id='word_1_212' title='bbox 1193 1981 1322 2019; x_wconf 83' lang='lat' dir='ltr'>fuisse.</span> 
     </span>
    </p>

    <p class='ocr_par' dir='ltr' id='par_1_12' title="bbox 191 2045 1558 2161">
     <span class='ocr_line' id='line_1_29' title="bbox 244 2045 1558 2098; baseline -0.002 -12"><span class='ocrx_word' id='word_1_213' title='bbox 244 2049 329 2087; x_wconf 86' lang='lat' dir='ltr'>Nos</span> <span class='ocrx_word' id='word_1_214' title='bbox 358 2055 490 2086; x_wconf 87' lang='lat' dir='ltr'>autem</span> <span class='ocrx_word' id='word_1_215' title='bbox 520 2048 628 2098; x_wconf 89' lang='lat' dir='ltr'>(nam</span> <span class='ocrx_word' id='word_1_216' title='bbox 653 2047 693 2086; x_wconf 91' lang='lat' dir='ltr'>id</span> <span class='ocrx_word' id='word_1_217' title='bbox 720 2055 759 2086; x_wconf 93' lang='lat' dir='ltr'>te</span> <span class='ocrx_word' id='word_1_218' title='bbox 786 2047 883 2085; x_wconf 91' lang='lat' dir='ltr'>scire</span> <span class='ocrx_word' id='word_1_219' title='bbox 913 2059 1056 2095; x_wconf 89' lang='lat' dir='ltr'>cupere</span> <span class='ocrx_word' id='word_1_220' title='bbox 1087 2054 1194 2084; x_wconf 87' lang='lat' dir='ltr'>certo</span> <span class='ocrx_word' id='word_1_221' title='bbox 1224 2045 1322 2097; x_wconf 87' lang='lat' dir='ltr'>scio)</span> <span class='ocrx_word' id='word_1_222' title='bbox 1347 2046 1514 2096; x_wconf 84' lang='lat' dir='ltr'>publicis</span> <span class='ocrx_word' id='word_1_223' title='bbox 1533 2055 1558 2092; x_wconf 89' lang='lat'><strong>3</strong></span> 
     </span>
     <span class='ocr_line' id='line_1_30' title="bbox 191 2112 1514 2161; baseline -0.002 -11"><span class='ocrx_word' id='word_1_224' title='bbox 191 2112 361 2151; x_wconf 87' lang='lat' dir='ltr'>consiliis</span> <span class='ocrx_word' id='word_1_225' title='bbox 382 2113 497 2150; x_wconf 83' lang='lat' dir='ltr'>nullis</span> <span class='ocrx_word' id='word_1_226' title='bbox 518 2113 754 2151; x_wconf 87' lang='lat' dir='ltr'>intersumus</span> <span class='ocrx_word' id='word_1_227' title='bbox 770 2120 954 2161; x_wconf 86' lang='lat' dir='ltr'>totosque</span> <span class='ocrx_word' id='word_1_228' title='bbox 975 2124 1047 2149; x_wconf 80' lang='lat' dir='ltr'>nos</span> <span class='ocrx_word' id='word_1_229' title='bbox 1068 2112 1119 2148; x_wconf 84' lang='lat' dir='ltr'>ad</span> <span class='ocrx_word' id='word_1_230' title='bbox 1139 2112 1333 2149; x_wconf 88' lang='lat' dir='ltr'>forensem</span> <span class='ocrx_word' id='word_1_231' title='bbox 1355 2125 1514 2161; x_wconf 84' lang='lat' dir='ltr'>operam</span> 
     </span>
    </p>

    <p class='ocr_par' dir='ltr' id='par_1_13' title="bbox 134 2175 1514 2227">
     <span class='ocr_line' id='line_1_31' title="bbox 134 2175 1514 2227; baseline -0.003 -11"><span class='ocrx_word' id='word_1_232' title='bbox 134 2194 175 2225; x_wconf 81' lang='lat'>30</span> <span class='ocrx_word' id='word_1_233' title='bbox 191 2178 444 2227; x_wconf 87' lang='lat' dir='ltr'>laboremque</span> <span class='ocrx_word' id='word_1_234' title='bbox 473 2178 721 2216; x_wconf 86' lang='lat' dir='ltr'>contulimus.</span> <span class='ocrx_word' id='word_1_235' title='bbox 782 2179 842 2215; x_wconf 85' lang='lat' dir='ltr'>Ex</span> <span class='ocrx_word' id='word_1_236' title='bbox 862 2190 952 2227; x_wconf 91' lang='lat' dir='ltr'>quo,</span> <span class='ocrx_word' id='word_1_237' title='bbox 977 2177 1085 2226; x_wconf 90' lang='lat' dir='ltr'>quod</span> <span class='ocrx_word' id='word_1_238' title='bbox 1107 2175 1219 2213; x_wconf 89' lang='lat' dir='ltr'>sacile</span> <span class='ocrx_word' id='word_1_239' title='bbox 1239 2175 1408 2224; x_wconf 76' lang='lat' dir='ltr'>intellegi</span> <span class='ocrx_word' id='word_1_240' title='bbox 1430 2189 1514 2225; x_wconf 81' lang='lat' dir='ltr'>pos-</span> 
     </span>
    </p>

    <p class='ocr_par' dir='ltr' id='par_1_14' title="bbox 237 2273 1516 2315">
     <span class='ocr_line' id='line_1_32' title="bbox 237 2273 1516 2315; baseline -0.003 -8"><span class='ocrx_word' id='word_1_241' title='bbox 237 2287 271 2307; x_wconf 87' lang='lat'>11</span> <span class='ocrx_word' id='word_1_242' title='bbox 298 2277 482 2315; x_wconf 78' lang='lat' dir='ltr'>pudentem</span> <span class='ocrx_word' id='word_1_243' title='bbox 492 2276 641 2305; x_wconf 75' lang='lat' dir='ltr'>Facmus</span> <span class='ocrx_word' id='word_1_244' title='bbox 731 2286 768 2312; x_wconf 69' lang='lat'>24</span> <span class='ocrx_word' id='word_1_245' title='bbox 794 2286 895 2313; x_wconf 76' lang='lat' dir='ltr'>posse</span> <span class='ocrx_word' id='word_1_246' title='bbox 914 2275 1057 2303; x_wconf 84' lang='lat' dir='ltr'>inveniri</span> <span class='ocrx_word' id='word_1_247' title='bbox 1073 2274 1197 2303; x_wconf 83' lang='lat' dir='ltr'>nullam</span> <span class='ocrx_word' id='word_1_248' title='bbox 1210 2279 1291 2312; x_wconf 54' lang='lat' dir='ltr'>puta</span> <span class='ocrx_word' id='word_1_249' title='bbox 1304 2273 1471 2304; x_wconf 42' lang='lat' dir='ltr'>Laudatur</span> <span class='ocrx_word' id='word_1_250' title='bbox 1487 2273 1516 2303; x_wconf 94' lang='lat' dir='ltr'><em>Z</em></span> 
     </span>
    </p>

    <p class='ocr_par' dir='ltr' id='par_1_15' title="bbox 192 2315 1515 2359">
     <span class='ocr_line' id='line_1_33' title="bbox 192 2315 1515 2359; baseline -0.005 -8"><span class='ocrx_word' id='word_1_251' title='bbox 192 2319 262 2353; x_wconf 82' lang='lat' dir='ltr'>(secl</span> <span class='ocrx_word' id='word_1_252' title='bbox 283 2320 310 2350; x_wconf 73' lang='lat' dir='ltr'>is</span> <span class='ocrx_word' id='word_1_253' title='bbox 335 2324 408 2358; x_wconf 83' lang='lat' dir='ltr'>post</span> <span class='ocrx_word' id='word_1_254' title='bbox 429 2324 491 2359; x_wconf 78' lang='lat' dir='ltr'>pro</span> <span class='ocrx_word' id='word_1_255' title='bbox 519 2320 623 2357; x_wconf 32' lang='lat' dir='ltr'>puto&amp;</span> <span class='ocrx_word' id='word_1_256' title='bbox 649 2329 746 2357; x_wconf 74' lang='lat' dir='ltr'>neque</span> <span class='ocrx_word' id='word_1_257' title='bbox 769 2318 862 2348; x_wconf 72' lang='lat' dir='ltr'>aliter</span> <span class='ocrx_word' id='word_1_258' title='bbox 882 2315 955 2346; x_wconf 83' lang='lat' dir='ltr'>HN</span> <span class='ocrx_word' id='word_1_259' title='bbox 976 2316 1034 2346; x_wconf 64' lang='lat' dir='ltr'>secl</span> <span class='ocrx_word' id='word_1_260' title='bbox 1052 2316 1087 2345; x_wconf 90' lang='lat' dir='ltr'>l1i</span> <span class='ocrx_word' id='word_1_261' title='bbox 1105 2326 1207 2355; x_wconf 84' lang='lat' dir='ltr'>posse</span> <span class='ocrx_word' id='word_1_262' title='bbox 1230 2317 1278 2346; x_wconf 68' lang='lat' dir='ltr'>vel</span> <span class='ocrx_word' id='word_1_263' title='bbox 1299 2326 1432 2354; x_wconf 78' lang='lat' dir='ltr'>possum</span> <span class='ocrx_word' id='word_1_264' title='bbox 1454 2321 1515 2355; x_wconf 74' lang='lat' dir='ltr'>pro</span> 
     </span>
    </p>
   </div>
   <div class='ocr_carea' id='block_1_6' title="bbox 191 2359 1513 2446">
    <p class='ocr_par' dir='ltr' id='par_1_16' title="bbox 191 2359 1513 2446">
     <span class='ocr_line' id='line_1_34' title="bbox 191 2359 1513 2402; baseline -0.004 -9"><span class='ocrx_word' id='word_1_265' title='bbox 191 2369 290 2402; x_wconf 85' lang='lat' dir='ltr'>puto:</span> <span class='ocrx_word' id='word_1_266' title='bbox 319 2373 454 2402; x_wconf 80' lang='lat' dir='ltr'>possem</span> <span class='ocrx_word' id='word_1_267' title='bbox 479 2363 632 2392; x_wconf 83' lang='lat' dir='ltr'>invenire</span> <span class='ocrx_word' id='word_1_268' title='bbox 658 2361 780 2391; x_wconf 81' lang='lat' dir='ltr'>nullam</span> <span class='ocrx_word' id='word_1_269' title='bbox 804 2360 922 2391; x_wconf 74' lang='lat' dir='ltr'>OPMs</span> <span class='ocrx_word' id='word_1_270' title='bbox 944 2359 1029 2390; x_wconf 80' lang='lat' dir='ltr'>unde</span> <span class='ocrx_word' id='word_1_271' title='bbox 1053 2370 1189 2399; x_wconf 82' lang='lat' dir='ltr'>possum</span> <span class='ocrx_word' id='word_1_272' title='bbox 1216 2359 1366 2389; x_wconf 81' lang='lat' dir='ltr'>invenire</span> <span class='ocrx_word' id='word_1_273' title='bbox 1390 2360 1513 2389; x_wconf 83' lang='lat' dir='ltr'>nullam</span> 
     </span>
     <span class='ocr_line' id='line_1_35' title="bbox 193 2403 866 2446; baseline -0.004 -9"><span class='ocrx_word' id='word_1_274' title='bbox 193 2406 358 2446; x_wconf 74' lang='lat' dir='ltr'>Graevius,</span> <span class='ocrx_word' id='word_1_275' title='bbox 385 2406 420 2446; x_wconf 79' lang='lat' dir='ltr'>cf.</span> <span class='ocrx_word' id='word_1_276' title='bbox 441 2405 615 2436; x_wconf 76' lang='lat' dir='ltr'>Lehmann</span> <span class='ocrx_word' id='word_1_277' title='bbox 636 2403 738 2436; x_wconf 63' lang='lat' dir='ltr'><em>‘Attl</em></span> <span class='ocrx_word' id='word_1_278' title='bbox 755 2415 788 2444; x_wconf 84' lang='lat' dir='ltr'>p.</span> <span class='ocrx_word' id='word_1_279' title='bbox 809 2413 866 2443; x_wconf 87' lang='lat'>175</span> 
     </span>
    </p>
   </div>
  </div>
 </body>
</html>
