1817 2832
189 141 236 179 V.
260 140 338 178 xxi
678 142 734 179 M.
767 142 935 179 TVLLI
967 139 1275 182 CICERONIS

286 251 398 290 tianti
437 253 529 291 dare
570 251 696 301 (quod
735 250 842 290 idem
882 251 952 290 tibi
991 254 1252 292 ostenderam.
1318 254 1390 293 Cn.
1425 253 1616 304 Pompeio

286 317 435 366 petenti
466 317 670 367 probaram
704 316 925 355 institutum
957 331 1101 365 meum,
1129 318 1224 368 quid
1254 318 1384 357 dicam
1413 321 1617 369 Torquato

285 382 336 419 de
360 383 414 420 M.
439 381 588 420 Laenio
616 389 696 428 tuo,
720 382 852 420 multis
876 382 960 420 aliis
974 382 1033 431 ?)3
1064 382 1124 420 sin
1152 385 1371 433 praefectus
1391 386 1508 422 vellet
1532 397 1617 422 esse

285 447 528 496 syngraphae
549 460 676 493 causa,
701 460 764 485 me
791 455 1015 485 curaturum
1047 456 1089 485 ut
1110 448 1288 497 exigeret.
1349 448 1502 486 Gratias
1526 448 1617 498 egit,

284 511 474 549 discessit.
533 512 687 562 Appius
720 519 852 550 noster
887 520 1033 551 turmas
1065 512 1215 562 aliquot
1247 512 1424 563 equitum
1455 515 1617 552 dederat
1637 526 1653 558 5

284 576 376 615 huic
415 576 574 627 Scaptio
614 590 683 626 per
721 590 818 626 quas
861 577 1095 615 Salaminios
1128 586 1336 624 coerceret,
1372 585 1410 616 et
1445 579 1616 616 eundem

284 642 475 680 habuerat
497 643 738 691 praefectum
754 657 763 690 3
793 642 959 680 vexabat
980 642 1224 681 Salaminios.
1286 644 1371 693 Ego
1393 642 1544 692 equites
1571 656 1618 680 ex

229 716 265 744 11
286 707 416 756 Cypro
437 708 630 745 decedere
651 706 755 745 iussi.
803 708 973 746 Moleste
994 707 1081 745 tulit
1098 707 1288 757 Scaptius.
1336 708 1444 756 Quid
1466 709 1618 746 multa?

284 781 326 810 ut
347 772 382 811 ei
404 773 523 811 fidem
546 786 674 811 meam
696 780 948 822 praestarem,
962 786 1052 811 curn
1073 774 1124 811 ad
1147 787 1209 811 me
1230 773 1431 812 Salaminii
1448 775 1616 811 Tarsum

282 837 481 875 venissent
503 846 540 876 et
562 837 601 875 in
622 838 667 876 iis
689 837 883 888 Scaptius,
905 837 1092 888 imperavi
1114 845 1155 876 ut
1176 838 1386 889 pecuniam
1408 839 1613 876 solverent.
1639 856 1677 878 10

284 904 413 940 Multa
430 904 479 941 de
501 904 731 953 syngrapha,
754 904 805 941 de
827 903 959 953 Scapti
981 902 1141 942 iniuriis.
1203 903 1354 953 Negavi
1377 917 1439 941 me
1456 903 1617 951 audire3

283 969 459 1006 hortatus
481 982 578 1015 sum,
599 967 718 1018 petivi
736 968 853 1006 etiam
872 981 941 1018 pro
964 968 1061 1006 meis
1078 968 1117 1005 in
1132 967 1329 1006 civitatem
1351 968 1554 1007 beneficiis
1575 975 1617 1006 ut

283 1032 484 1083 negotium
503 1034 754 1080 conficerent,
771 1033 850 1071 dixi
867 1033 1040 1083 denique
1054 1047 1118 1072 me
1133 1041 1373 1072 coacturum.
1418 1032 1616 1071 Homines

283 1111 363 1136 non
403 1099 524 1136 modo
556 1112 637 1136 non
672 1112 849 1136 recusare
881 1099 951 1137 sed
986 1098 1103 1137 etiam
1139 1100 1215 1137 hoc
1247 1098 1391 1146 dicere,
1425 1112 1466 1137 se
1499 1111 1522 1136 a
1554 1111 1616 1136 me

282 1165 443 1202 solvere.
486 1164 607 1212 Quod
624 1163 729 1202 enim
746 1163 914 1213 praetori
936 1164 1028 1202 dare
1049 1172 1318 1211 consuessent,
1337 1163 1525 1213 quoniam
1542 1175 1615 1213 ego
1638 1179 1674 1212 15

282 1242 363 1267 non
390 1242 630 1278 acceperam,
655 1242 696 1267 se
725 1242 748 1267 a
775 1243 838 1267 me
868 1230 1042 1278 quodam
1074 1229 1196 1267 modo
1225 1230 1319 1268 dare
1347 1236 1467 1278 atque
1497 1228 1614 1266 etiam

282 1293 411 1331 minus
442 1307 527 1332 esse
556 1293 759 1343 aliquanto
794 1293 833 1331 in
864 1293 996 1343 Scapti
1027 1293 1189 1332 nomine
1218 1307 1337 1343 quam
1368 1293 1407 1332 in
1437 1293 1617 1344 vectigali

281 1358 486 1409 praetorio.
548 1358 797 1398 Conlaudavi
818 1358 1010 1396 homines.
1072 1360 1244 1397 ‘Recte'
1265 1358 1393 1408 inquit
1422 1359 1613 1409 Scaptius,

281 1424 376 1462 ‘sed
407 1423 676 1462 subducamus
707 1425 927 1461 summam.'
987 1422 1150 1462 Interim
1183 1437 1273 1462 cum
1305 1436 1379 1474 ego
1410 1423 1450 1461 in
1485 1423 1616 1462 edicto

281 1488 521 1527 translaticio
559 1487 794 1527 centesimas
843 1501 906 1526 me
949 1488 1248 1527 observaturum
1292 1489 1480 1527 haberem
1525 1502 1615 1527 cum
1639 1506 1677 1528 20

281 1553 527 1592 anatocismo
556 1553 830 1599 anniversario,
855 1553 918 1591 ille
949 1567 996 1592 ex
1025 1554 1244 1603 syngrapha
1274 1554 1499 1604 postulabat
1526 1567 1618 1604 qua-

282 1627 422 1657 ternas.
504 1617 638 1667 ‘Quid
672 1617 779 1656 ais?'
828 1617 1001 1667 inquam,
1037 1620 1276 1667 ‘possumne
1308 1625 1444 1656 contra
1483 1632 1615 1656 meum

283 1684 508 1723 edictum?'
584 1684 637 1720 At
675 1682 738 1721 ille
778 1684 923 1733 profert
969 1690 1127 1721 senatus
1173 1684 1398 1721 consultum
1446 1685 1616 1721 Lentulo

285 1749 547 1799 Philippoque
586 1748 825 1795 consulibus,
859 1760 910 1785 VT
944 1760 1013 1793 Qvl
1051 1749 1250 1787 CILICIAM
1283 1760 1522 1786 OBTINERET
1554 1761 1617 1787 1vs

223 1825 265 1854 12
286 1827 338 1852 Ex
372 1826 466 1852 ILLA
501 1825 750 1851 SYNGRAPHA
784 1825 977 1851 DICERET.
1049 1813 1244 1852 Cohorrui
1278 1813 1430 1864 primo,
1470 1813 1615 1852 etenim
1638 1831 1674 1863 25

284 1887 364 1919 erat
385 1879 562 1917 interitus
583 1878 759 1917 civitatis.
815 1878 986 1928 Reperio
1008 1879 1089 1917 duo
1110 1886 1268 1916 senatus
1289 1880 1469 1917 consulta
1490 1878 1615 1917 isdem

283 1944 512 1983 consulibus
542 1945 592 1982 de
622 1944 761 1982 eadem
794 1945 1024 1994 syngrapha.
1098 1943 1300 1982 Salaminii
1336 1957 1424 1982 cum
1463 1945 1617 1982 Romae

282 2023 480 2048 versuram
515 2010 641 2047 facere
673 2010 827 2056 vellent,
863 2022 944 2047 non
977 2015 1169 2059 poterant,
1206 2010 1315 2058 quod
1354 2010 1414 2047 lex
1448 2008 1617 2047 Gabinia

282 2075 450 2113 vetabat.
510 2075 615 2112 Tum
652 2073 696 2112 iis
734 2074 842 2112 Bruti
878 2073 1085 2112 familiares
1118 2073 1202 2111 freti
1232 2073 1353 2123 gratia
1384 2073 1492 2111 Bruti
1523 2074 1616 2111 dare

283 2141 468 2179 volebant
495 2139 705 2189 quaternis,
728 2139 759 2177 si
787 2139 860 2177 sibi
891 2146 1049 2177 senatus
1070 2140 1252 2178 consulto
1283 2146 1492 2177 caveretur.
1554 2137 1615 2176 Fit
1635 2150 1676 2181 30

282 2205 403 2255 gratia
426 2204 534 2242 Bruti
565 2212 723 2243 senatus
752 2205 989 2250 consultum,
1013 2215 1065 2240 VT
1093 2215 1204 2240 NEVE
1232 2205 1479 2241 SALAMINHS
1504 2215 1615 2240 NEVE

283 2282 352 2315 Qvi
384 2283 447 2308 E1s
478 2282 677 2308 DEDISSET
709 2281 861 2306 FRAvm
894 2280 1025 2306 ESSET.
1100 2268 1314 2306 Pecuniam
1347 2275 1611 2306 numerarunt.

328 2385 365 2405 10
392 2375 423 2405 in
444 2375 482 2405 iis
500 2373 587 2404 codd.
610 2384 616 2403 :
640 2383 707 2403 una
724 2372 744 2402 I
763 2372 952 2412 li'esenbetg
1087 2380 1124 2409 13
1150 2372 1218 2401 dixi
1238 2371 1384 2411 denique
1402 2374 1425 2402 Σ
1441 2381 1448 2400 :
1466 2371 1613 2409 denique

280 2418 349 2448 (lixi
369 2423 396 2447 Δ
528 2427 565 2447 21
593 2422 777 2456 quaternas
799 2415 876 2447 Vict.
895 2427 901 2447 :
926 2415 982 2446 illo
1001 2415 1042 2446 M
1058 2415 1128 2457 (tle.
1150 2416 1220 2456 1111)
