1817 2832
121 703 137 734 5

105 1031 144 1052 10

109 1675 146 1696 20

560 133 672 170 EPP.
705 133 782 169 AD
812 131 1071 169 ATTICVM
1362 127 1480 164 VIII.
1500 130 1577 162 xiv

158 243 225 281 fini
254 243 434 282 habuerit
464 257 544 281 non
574 256 658 281 esse
688 242 892 281 redditam.
954 243 1016 280 De
1037 242 1206 279 Lentulo
1233 247 1364 278 autem
1385 237 1484 276 nihil

155 308 387 347 audivimus.
449 309 563 346 Haec
579 307 695 346 velim
716 307 893 357 exquiras
914 308 964 345 ad
986 319 1128 356 meque
1148 304 1374 355 perscribas.

200 489 285 525 XV
418 492 486 524 Ser.
507 492 542 523 in
558 491 740 523 Formiano
756 502 775 523 v
791 490 876 522 Non.
895 489 996 522 Mart.
1015 501 1045 522 a.
1066 501 1120 531 705
1139 490 1224 532 (49).

569 597 742 629 CICERO
764 597 797 628 A
807 597 944 628 TTICO
967 596 1062 628 SAL

213 689 259 726 A.
283 689 319 726 d.
344 699 368 724 v
389 687 526 725 Nonas
556 686 717 724 Martias
748 685 936 735 epistulas
964 685 1060 723 mihi
1088 692 1173 723 tuas
1198 686 1377 735 Aegypta
1406 685 1488 723 red·
1507 691 1524 719 1

160 752 274 799 didit,
311 765 430 789 unam
469 759 637 789 veterem
679 763 741 788 1111
784 752 870 788 Kal.
912 764 1030 800 quarn
1075 757 1113 788 te
1159 749 1293 787 scribis
1332 749 1489 787 dedisse

162 817 318 855 Pinario
357 830 474 866 quem
513 829 593 853 non
631 815 828 862 vidimus;
871 815 910 852 in
950 828 1028 864 qua
1058 823 1259 864 exspectas
1299 814 1488 863 quidnam

162 882 395 931 praemissus
424 889 511 931 agat
532 880 727 918 Vibullius
756 880 822 930 qui
846 880 1010 918 omnino
1035 893 1115 917 non
1143 887 1200 917 est
1227 879 1330 917 visus
1351 893 1373 917 a
1394 880 1490 918 Cae-

163 961 246 985 sare
272 947 328 997 (id
351 948 469 984 altera
495 946 661 996 epistula
685 946 800 984 video
828 953 865 983 te
893 945 990 983 scire
1014 945 1066 982 ita
1096 945 1209 994 esse),
1233 952 1270 983 et
1294 958 1411 994 quem
1439 945 1489 982 ad

166 1013 328 1049 modum
350 1012 579 1049 redeuntem
601 1010 791 1060 excipiam
814 1012 1023 1049 Caesarem
1045 1024 1163 1059 quem
1186 1009 1350 1048 omnino
1370 1009 1490 1048 vitare

165 1076 308 1126 cogito,
329 1084 366 1114 et
387 1075 683 1115 †authemonis†
706 1077 837 1125 fugam
859 1074 1030 1113 intendis
1059 1075 1491 1124 commutationemque

165 1141 266 1179 vitae
295 1148 398 1187 tuae,
427 1141 533 1189 quod
564 1139 634 1177 tibi
664 1148 760 1190 puto
789 1153 874 1178 esse
904 1140 1139 1185 faciendum⁷
1167 1147 1204 1177 et
1234 1139 1387 1188 ignoras
1412 1141 1492 1177 Do-

166 1205 297 1243 mitius
335 1218 425 1242 cum
464 1204 686 1242 fascibusne
724 1204 782 1242 sit.
854 1205 974 1253 Quod
1013 1217 1103 1242 cum
1143 1203 1254 1251 scies,
1293 1203 1410 1242 facies
1450 1210 1492 1242 ut

167 1270 346 1308 sciamus.
404 1268 541 1306 Habes
562 1269 612 1306 ad
633 1268 797 1319 primam
818 1268 1035 1318 epistulam.

221 1336 386 1372 Secutae
415 1340 505 1371 sunt
534 1334 635 1371 duae
665 1347 719 1383 pr.
753 1334 842 1370 Kal.
870 1333 1010 1371 ambae
1040 1334 1154 1371 datae
1179 1347 1279 1383 quae
1309 1346 1372 1371 me
1401 1346 1492 1371 con·
1510 1341 1535 1368 2

167 1401 356 1438 vellerunt
376 1400 426 1437 de
446 1398 609 1448 pristino
630 1406 731 1436 statu
753 1398 828 1436 iam
851 1406 996 1445 tamen,
1016 1406 1058 1436 ut
1082 1406 1173 1436 ante
1201 1400 1252 1436 ad
1280 1406 1317 1437 te
1344 1397 1491 1448 scripsi,

168 1465 375 1502 labantem.
436 1465 521 1501 Nec
543 1477 605 1501 me
627 1471 758 1501 movet
779 1465 886 1512 quod
908 1463 1043 1501 scribis
1064 1466 1073 1482 ‘
1093 1463 1178 1501 Iovi
1198 1463 1270 1513 ipsi
1292 1463 1494 1512 iniquum.'

169 1530 271 1565 Nam
293 1527 508 1577 periculum
539 1526 577 1564 in
602 1526 803 1575 utriusque
830 1525 1030 1563 iracundia
1051 1526 1221 1575 positum
1243 1534 1314 1573 est,
1334 1525 1494 1563 victoria

167 1600 298 1630 autem
323 1591 376 1628 ita
401 1591 547 1629 incerta
568 1598 609 1628 ut
633 1591 802 1628 deterior
828 1604 944 1628 causa
969 1590 1136 1639 paratior
1162 1590 1258 1627 mihi
1287 1604 1371 1628 esse
1392 1590 1494 1628 vide-

167 1665 261 1694 atur.
335 1657 420 1693 Nec
450 1669 513 1693 me
543 1657 723 1693 consules
753 1662 911 1693 movent
942 1654 1008 1704 qui
1042 1654 1115 1704 ipsi
1145 1657 1278 1704 pluma
1306 1663 1372 1693 aut
1401 1654 1495 1692 folio

169 1720 318 1758 facilius
356 1728 572 1758 moventur.
644 1720 759 1758 Offiei
799 1734 861 1758 me
900 1719 1131 1757 deliberatio
1170 1719 1315 1757 cruciat
1354 1718 1497 1757 crucia-

169 1785 302 1834 vitque
325 1786 465 1823 adhuc.
528 1784 689 1824 Cautior
716 1792 819 1823 certe
854 1792 912 1823 est
942 1783 1108 1831 mansio,
1138 1783 1338 1821 honestior
1369 1783 1497 1821 existi-

171 1857 297 1887 matur
317 1849 502 1887 traiectio.
563 1851 673 1888 Malo
694 1849 890 1888 interdurn
913 1848 1025 1886 multi
1053 1862 1114 1886 me
1144 1862 1224 1885 non
1245 1856 1357 1886 caute
1379 1862 1497 1898 quam

171 1913 287 1964 pauci
307 1927 385 1951 non
414 1915 578 1952 honeste
608 1914 745 1952 fecisse
772 1914 1003 1952 existiment.
1065 1915 1126 1951 De
1148 1913 1301 1963 Lepido
1322 1920 1359 1951 et
1380 1914 1498 1951 Tullo

172 1979 281 2028 quod
311 1978 473 2027 quaeris,
506 1978 560 2016 illi
590 1992 680 2017 vero
711 1992 790 2017 non
820 1979 1004 2017 dubitant
1033 1978 1129 2029 quin
1159 1978 1317 2017 Caesari
1344 1986 1498 2028 praesto

173 2042 289 2081 futuri
310 2042 348 2080 in
370 2051 627 2093 senatumque
648 2043 798 2082 venturi
819 2044 905 2082 sint.

227 2106 513 2145 Recentissima
534 2115 600 2145 tua
620 2115 676 2146 est
697 2107 863 2157 epistula
885 2109 972 2147 Kal.
996 2109 1097 2155 data,
1122 2107 1161 2145 in
1182 2122 1259 2157 qua
1275 2115 1387 2157 optas
1408 2120 1498 2145 con-
1518 2111 1542 2149 3

171 2185 345 2222 gressum
369 2185 586 2222 pacemque
613 2186 692 2211 non
720 2174 913 2223 desperas.
973 2174 1051 2212 Sed
1080 2186 1153 2222 ego
1177 2186 1266 2211 cum
1294 2174 1391 2210 haec
1411 2172 1498 2210 scri-

217 2285 236 2304 2
259 2275 445 2305 audivimus
463 2274 661 2305 Ascensius:
687 2277 838 2306 audimus
865 2275 906 2306 M
1048 2287 1081 2306 11
1109 2287 1151 2306 an
1180 2282 1213 2306 tu
1241 2276 1283 2306 ad
1312 2275 1497 2306 Chaoniam

176 2317 333 2348 Graevius
348 2329 354 2348 ε
388 2318 465 2347 hinc
483 2318 637 2349 Athenas
657 2318 842 2349 Gronovius
858 2331 865 2350 :
901 2320 941 2350 ad
959 2320 1137 2359 Thyamim
1158 2319 1333 2349 Lelmmmz
1351 2331 1358 2350 ε
1391 2319 1498 2349 Auto-

174 2362 342 2391 medontis
371 2360 494 2391 Mz'c'ller
516 2362 579 2391 coll.
608 2362 700 2392 Rosc.
726 2362 809 2392 Am.
834 2364 901 2402 98:
934 2362 1142 2393 Athenionis
1170 2361 1336 2392 Corradus
1448 2364 1498 2393 in—

175 2405 287 2434 tendis
304 2403 492 2434 Fschmz:
518 2405 627 2435 tendis
644 2403 732 2435 codd.
871 2416 907 2446 17
932 2407 1051 2436 scribis
1070 2406 1124 2437 M:
1150 2406 1271 2445 scripsi
1292 2405 1319 2435 C

220 2468 281 2490 εις.
302 2469 349 2489 Ar>
370 2469 442 2490 ΛΠ.
1374 2462 1411 2492 18
