1790 2837
167 596 183 626 5

147 921 186 945 10

143 1575 184 1596 20

608 111 721 161 EPP.
753 112 830 149 AD
859 110 1119 150 ATTICVM
1463 110 1518 149 II.
1536 109 1613 148 viii

245 273 363 309 VIII
508 274 578 309 διν.
599 276 633 307 Α
639 277 690 308 nti
703 276 808 308 medio
825 288 870 308 m.
887 277 921 308 A
921 282 973 318 pr.
994 288 1025 309 a.
1045 279 1104 318 695
1123 276 1208 320 (59).

596 365 768 398 CICERO
798 366 979 398 ATTICO
1010 365 1116 397 SAL.

258 453 480 504 Epistulam
504 468 595 493 cum
625 468 649 493 a
674 462 712 493 te
737 454 852 493 avide
877 461 1143 504 exspectarem
1170 454 1220 493 ad
1247 466 1465 503 vesperum,
1487 459 1530 492 ut
1549 459 1567 487 1

203 521 323 566 soleo,
339 533 432 558 ecce
453 520 524 558 tibi
543 520 704 558 nuntius
725 533 866 570 pueros
879 519 1032 558 venisse
1050 521 1180 558 Roma
1197 522 1203 557 1
1242 521 1366 566 Voco‚
1385 532 1531 569 quaero

204 585 348 634 ecquid
372 585 597 623 litterarum.
657 586 824 634 Negant.
885 587 895 604 ‘
909 584 1018 633 Quid
1037 584 1144 622 ais?“
1172 584 1333 634 inquam
1355 587 1364 604 ‘
1381 584 1531 622 nihilne

202 663 226 687 a
248 650 523 699 Pomponio?'
580 649 777 688 Perterriti
809 662 906 688 voce
939 657 978 688 et
1010 651 1119 687 vultu
1159 648 1327 687 confessi
1366 656 1455 686 sunt
1489 661 1531 687 se

202 716 402 765 accepisse
431 717 503 754 sed
531 715 722 754 excidisse
752 715 791 753 in
816 715 887 753 via.
946 714 1056 763 Quid
1086 714 1268 764 quaeris?
1297 715 1531 763 permoleste

203 780 299 827 tuli3
328 782 434 818 nulla
454 779 561 818 enim
580 780 652 818 abs
673 787 711 818 te
731 793 800 830 per
819 781 892 817 hos
912 780 996 818 dies
1012 779 1179 829 epistula
1194 778 1321 817 inanis
1341 778 1472 828 aliqua
1491 791 1531 816 re

204 845 287 883 utili
311 853 349 883 et
376 845 484 883 suavi
509 852 678 883 venerat.
749 846 868 883 Nunc
898 845 930 883 si
957 844 1053 894 quid
1077 844 1117 882 in
1143 858 1189 883 ea
1218 843 1383 894 epistula
1412 856 1531 893 quam

204 918 295 949 ante
315 910 421 948 diem
442 922 514 948 xvr
540 912 627 948 Kal.
649 909 776 948 Maias
792 909 936 948 dedisti
950 909 1022 948 fuit
1037 908 1197 947 historia
1213 908 1390 958 dignum,
1406 908 1532 947 scribe

204 989 322 1025 quam
344 975 528 1025 primum,
549 989 599 1013 ne
628 975 851 1025 ignoremus
866 989 876 1023 3
905 974 965 1013 sin
991 974 1089 1012 nihil
1110 981 1260 1024 praeter
1280 973 1528 1020 iocationem,

203 1041 323 1078 redde
344 1041 383 1078 id
405 1040 546 1090 ipsum.

256 1106 308 1142 Et
328 1104 427 1142 scito
443 1104 656 1144 Curionem
674 1105 970 1142 adulescentem
987 1103 1140 1142 venisse
1156 1104 1207 1142 ad
1221 1116 1285 1141 me
1306 1104 1526 1140 salutatum.

201 1170 329 1208 Valde
355 1169 439 1208 eius
466 1182 595 1207 sermo
624 1170 675 1207 de
706 1169 847 1207 Publio
877 1182 968 1207 cum
995 1168 1070 1206 tuis
1100 1167 1235 1206 litteris
1265 1167 1530 1216 congruebat;

165 1247 181 1278 5
203 1234 285 1285 ipse
318 1247 410 1272 vero
445 1233 668 1272 mirandum
707 1232 747 1271 in
786 1234 951 1271 modum
986 1236 1117 1283 ‘reges
1151 1232 1282 1271 odisse
1315 1232 1530 1281 superbos.'

204 1301 403 1348 Peraeque
438 1299 619 1336 narrabat
648 1297 850 1336 incensam
881 1311 966 1335 esse
997 1297 1241 1335 iuventutem
1273 1309 1403 1346 neque
1433 1297 1530 1334 ferre

202 1365 299 1402 haec
320 1377 445 1413 posse.
507 1365 616 1401 Bene
636 1363 829 1400 habemus
853 1375 935 1409 nos,
959 1362 991 1400 si
1015 1362 1056 1400 in
1076 1361 1136 1400 his
1157 1375 1245 1411 spes
1265 1368 1347 1399 est:
1377 1360 1528 1410 opinor,

200 1428 308 1466 aliud
331 1441 503 1478 agamus.
564 1429 650 1477 Ego
678 1441 741 1465 me
765 1428 818 1465 do
843 1426 1053 1474 historiae;
1082 1439 1323 1476 quamquam
1351 1424 1441 1463 licet
1468 1437 1531 1463 me

202 1492 403 1532 Saufeium
425 1499 538 1542 putes
559 1505 654 1530 esse.
715 1491 824 1529 Nihil
845 1505 908 1529 me
929 1498 987 1529 est
1007 1491 1178 1529 inertius.

257 1560 335 1598 Sed
369 1571 565 1608 cognosce
595 1557 734 1596 itinera
765 1564 907 1603 nostra,
930 1564 973 1594 ut
1003 1564 1149 1594 statuas
1179 1555 1248 1594 ubi
1279 1568 1351 1594 nos
1380 1555 1531 1594 visurus
1551 1565 1576 1593 2

202 1624 264 1664 sis.
325 1625 373 1662 In
400 1622 653 1662 Formianum
683 1623 865 1660 volumus
894 1620 1026 1659 venire
1056 1620 1272 1668 Parilibus3
1312 1620 1418 1667 inde,
1438 1633 1532 1669 quo-

201 1690 306 1728 niam
327 1698 441 1741 putas
462 1688 854 1740 praetermittendum
881 1686 996 1725 nobis
1022 1699 1108 1725 esse
1134 1687 1211 1723 hoc
1240 1692 1417 1734 tempore
1442 1685 1533 1724 Cra-

200 1763 281 1794 tera
301 1756 411 1794 illum
432 1756 655 1803 delicatum,
675 1756 762 1793 Kal.
781 1753 898 1792 Maiis
921 1755 971 1792 de
994 1751 1206 1790 Formiano
1227 1749 1529 1799 proficiscemur,

200 1828 243 1859 ut
280 1821 376 1859 Anti
410 1821 531 1860 simus
564 1834 597 1859 a.
633 1822 671 1859 d.
708 1832 733 1857 v
768 1821 905 1858 Nonas
942 1818 1080 1856 Maias.
1150 1815 1254 1853 Ludi
1292 1814 1398 1853 enim
1436 1814 1531 1852 Anti

165 1900 179 1930 ζ
202 1886 319 1924 futuri
340 1894 431 1924 sunt
450 1900 474 1924 a
495 1898 558 1924 1111
583 1886 634 1924 ad
659 1899 712 1935 pr.
738 1886 874 1923 Nonas
905 1883 1043 1921 Maias.
1104 1884 1185 1920 Eos
1205 1880 1336 1918 Tullia
1356 1887 1530 1930 spectare

201 1952 293 1988 vult.
337 1952 438 1989 Inde
454 1950 584 2000 cogito
605 1949 645 1987 in
666 1950 948 1994 Tusculanum,
966 1947 1112 1986 deinde
1128 1946 1335 1996 Arpinum,
1360 1947 1529 1983 Romam

200 2017 252 2053 ad
275 2017 362 2054 Kal.
388 2015 532 2054 Iunias.
591 2016 650 2053 Te
680 2021 746 2052 aut
774 2013 813 2050 in
842 2012 1053 2050 Formiano
1082 2018 1148 2049 aut
1177 2010 1272 2048 Anti
1296 2017 1362 2048 aut
1389 2009 1429 2047 in
1453 2011 1530 2047 Tu-

201 2081 364 2117 sculano
393 2094 486 2118 cura
512 2086 555 2118 ut
583 2079 796 2117 videamus.
858 2076 1076 2126 Epistulam
1104 2075 1343 2126 superiorem
1372 2073 1529 2112 restitue

201 2143 317 2183 nobis
337 2151 375 2182 et
394 2143 564 2194 appinge
583 2142 733 2193 aliquid
754 2140 856 2180 novi.

549 2255 591 2284 23
616 2245 796 2276 delicatum
813 2242 875 2275 Zl:
902 2243 1092 2283 delegatum
1109 2242 1162 2274 Μ1
