1817 2832
191 131 308 168 VIII.
329 131 415 167 xiD
668 130 724 166 M.
757 129 925 166 TVLLI
958 127 1266 167 CICERONIS

298 242 394 282 illud
415 241 579 280 omnino
606 240 861 278 interclusum
888 238 1121 278 videbamus
1151 252 1281 289 neque
1302 238 1431 277 minus
1456 252 1528 278 nos
1548 251 1639 278 esse*

297 316 433 358 captos
463 319 582 356 quam
613 304 679 355 qui
710 303 860 344 Corfini
890 304 1063 342 fuissent.
1123 304 1266 353 Neque
1297 303 1402 341 enim
1432 317 1500 342 eos
1529 305 1634 342 solos

297 372 583 411 arbitrabamur
603 369 691 420 capi
720 369 787 419 qui
814 369 854 407 in
881 377 1120 408 armatorum
1148 382 1288 406 manus
1312 367 1544 407 incidissent
1564 369 1634 407 sed

297 451 365 476 eos
387 436 511 475 nihilo
531 435 661 473 minus
682 434 749 485 qui
770 434 996 484 regionibus
1017 433 1163 473 exclusi
1183 433 1284 472 intra
1303 432 1497 483 praesidia
1517 441 1635 484 atque

297 503 398 541 intra
417 515 525 540 arma
544 501 671 539 aliena
690 500 900 538 venissent.

257 582 281 621 5
354 568 476 616 Quod
497 580 587 604 cum
615 565 669 604 ita
695 566 753 612 sit,
778 565 947 603 maxime
970 566 1111 603 vellem
1139 564 1309 614 primum
1330 577 1484 614 semper
1503 570 1636 602 tecum

299 632 484 680 fuissem3
515 632 624 682 quod
644 630 805 681 quidem
834 629 904 668 tibi
929 631 1191 676 ostenderam,
1214 643 1305 668 cum
1325 643 1348 668 a
1371 643 1435 667 me
1456 630 1635 679 Capuam

299 697 522 737 reiciebam.
584 697 706 745 Quod
735 695 809 734 feci
836 709 917 733 non
942 695 1091 733 vitandi
1122 694 1250 733 oneris
1280 708 1399 733 causa
1427 695 1497 733 sed
1527 694 1636 744 quod

300 765 484 803 videbam
516 762 638 802 teneri
668 763 772 801 illam
804 763 941 800 urbem
972 761 1055 800 sine
1082 761 1252 800 exercitu
1283 775 1363 799 non
1389 773 1516 811 posse,
1539 759 1637 798 acci-

300 831 393 869 dere
431 837 563 868 autem
610 827 705 865 mihi
748 827 932 865 nolebam
972 827 1080 876 quod
1125 827 1243 864 doleo
1287 825 1376 863 viris
1418 823 1636 862 fortissimis

300 895 502 934 accidisse.
563 893 765 943 Quoniam
794 900 926 930 autem
962 900 1092 930 tecum
1123 899 1165 929 ut
1194 904 1321 930 essem
1351 904 1431 929 non
1461 888 1634 939 contigit,

302 961 454 999 utinam
484 959 540 998 tui
570 958 707 997 consili
738 958 878 997 certior
908 959 1032 995 factus
1067 959 1217 995 essem!
1275 957 1379 993 Nam
1414 953 1638 1004 suspicione

302 1024 468 1075 adsequi
498 1038 578 1063 non
609 1023 730 1074 potui,
760 1024 868 1073 quod
898 1021 1033 1060 omnia
1062 1021 1166 1071 prius
1197 1020 1403 1059 arbitratus
1438 1033 1525 1057 sum
1557 1020 1638 1056 fore

304 1104 423 1141 quam
445 1097 486 1128 ut
507 1091 605 1127 haec
632 1088 685 1127 rei
713 1088 894 1138 publicae
919 1100 1037 1125 causa
1065 1086 1103 1124 in
1132 1085 1244 1124 Italia
1272 1099 1353 1124 non
1381 1091 1513 1135 posset
1536 1085 1639 1122 duce

304 1163 342 1194 te
378 1155 604 1194 consistere.
663 1155 805 1203 Neque
843 1166 935 1191 vero
973 1165 1078 1190 nunc
1117 1150 1326 1190 consilium
1365 1158 1476 1188 tuum
1515 1162 1640 1199 repre-

304 1222 441 1259 hendo
472 1221 542 1258 sed
574 1221 771 1257 fortunam
804 1217 856 1256 rei
887 1216 1069 1267 publicae
1103 1217 1218 1266 lugeo
1253 1228 1338 1261 nec,
1371 1214 1401 1252 si
1436 1227 1509 1264 ego
1543 1212 1640 1263 quid

305 1294 346 1324 tu
368 1286 419 1324 sis
440 1292 596 1323 secutus
617 1297 698 1322 non
726 1282 930 1334 perspicio,
954 1281 1100 1320 idcirco
1127 1281 1256 1318 minus
1283 1279 1463 1319 existimo
1484 1286 1522 1317 te
1543 1277 1640 1316 nihil

305 1350 379 1389 nisi
401 1363 556 1388 summa
576 1348 726 1387 ratione
746 1347 893 1386 fecisse.

257 1423 284 1460 6
362 1418 455 1454 Mea
485 1428 586 1465 quae
615 1427 769 1464 semper
798 1411 911 1450 fuerit
945 1411 1138 1451 sententia
1166 1411 1337 1462 primum
1369 1411 1418 1449 de
1452 1423 1550 1460 pace
1578 1410 1639 1447 vel

305 1481 440 1531 iniqua
460 1479 696 1518 condicione
716 1477 930 1524 retinenda,
953 1476 1098 1515 deinde
1125 1477 1175 1515 de
1201 1477 1297 1514 urbe
1319 1476 1427 1527 (nam
1454 1476 1504 1513 de
1526 1473 1641 1512 Italia

306 1546 468 1596 quidem
511 1544 608 1582 nihil
653 1542 749 1581 mihi
794 1555 983 1592 umquam
1031 1541 1287 1592 ostenderas),
1329 1539 1555 1579 meminisse
1601 1547 1639 1577 te

305 1610 479 1649 arbitror.
539 1609 618 1647 Sed
649 1607 745 1645 mihi
776 1620 857 1645 non
888 1619 1002 1644 sumo
1033 1614 1075 1644 ut
1109 1619 1242 1644 meum
1274 1605 1481 1643 consilium
1513 1605 1639 1642 valere

307 1674 515 1721 debuerit3
554 1680 711 1712 secutus
741 1685 827 1709 sum
858 1679 968 1709 tuum
999 1685 1129 1720 neque
1159 1671 1198 1708 id
1229 1669 1282 1708 rei
1312 1669 1493 1720 publicae
1522 1682 1640 1707 causa

308 1742 357 1780 de
378 1753 456 1789 qua
476 1736 691 1788 desperavi,
713 1750 814 1786 quae
834 1743 871 1774 et
898 1749 1004 1773 nunc
1023 1735 1181 1774 adflicta
1207 1742 1265 1773 est
1285 1748 1358 1773 nec
1379 1733 1535 1772 excitari
1556 1733 1639 1772 sine

308 1805 410 1844 civili
437 1802 769 1855 perniciosissimo
788 1802 894 1840 bello
920 1808 1059 1852 potest,
1082 1802 1151 1839 sed
1179 1808 1217 1838 te
1237 1800 1486 1850 quaerebam,
1508 1806 1639 1837 tecum

309 1884 394 1909 esse
432 1869 640 1919 cupiebam
681 1880 810 1917 neque
848 1866 931 1905 eius
969 1865 1022 1904 rei
1060 1867 1297 1912 facultatem,
1338 1864 1369 1902 si
1411 1877 1512 1914 quae
1556 1863 1638 1909 erit,

309 1934 626 1986 praetermittam.

266 2019 290 2057 7
365 2002 450 2050 Ego
472 2013 534 2037 me
561 1999 599 2036 in
628 2000 701 2037 hac
728 1997 837 2036 omni
863 2010 980 2036 causa
1004 1996 1116 2034 facile
1143 1996 1418 2046 intellegebam
1439 1993 1641 2045 pugnandi

309 2065 462 2116 cupidis
494 2064 722 2103 hominibus
756 2077 837 2101 non
871 2062 962 2100 satis
994 2063 1130 2100 facere.
1191 2060 1366 2098 Primum
1405 2059 1510 2098 enirn
1549 2072 1641 2109 prae

308 2145 372 2172 me
411 2130 480 2169 tuli
520 2143 583 2168 me
622 2129 718 2167 nihil
758 2130 873 2167 malle
910 2141 1029 2178 quam
1068 2141 1218 2177 pacem,
1252 2139 1332 2164 non
1367 2124 1461 2176 quin
1500 2125 1640 2163 eadem
1663 2133 1702 2153 τ’

308 2197 486 2236 timerem
527 2209 628 2245 quae
666 2194 719 2232 illi
759 2196 828 2233 sed
868 2208 913 2232 ea
951 2194 1056 2231 bello
1101 2192 1203 2230 civili
1241 2191 1386 2230 leviora
1430 2190 1637 2229 ducebam.

311 2262 468 2301 Deinde
489 2268 672 2311 suscepto
693 2260 809 2306 bello,
832 2272 922 2297 cum
950 2257 1056 2308 pacis
1083 2256 1338 2296 condiciones
1365 2257 1415 2294 ad
1442 2263 1480 2294 te
1499 2253 1641 2293 adferri

353 2377 372 2397 2
398 2367 540 2397 fuissent
560 2364 606 2395 C:
631 2364 806 2394 venissent
824 2362 881 2392 M:
907 2362 1092 2393 Corfinium
1117 2361 1293 2392 venissent
1315 2360 1404 2399 vulg.
1526 2369 1545 2396 4
1566 2361 1641 2398 post

311 2411 507 2449 regionibus
534 2408 611 2439 add.
637 2409 706 2438 suis
732 2406 928 2445 Wesenberg.
957 2407 1012 2436 vix
1035 2409 1111 2434 recle
1252 2405 1289 2433 18
1309 2407 1384 2443 post
1406 2412 1535 2432 summa
1558 2401 1637 2432 add.

311 2464 384 2485 cum
406 2453 471 2484 OR
575 2462 615 2490 25
632 2452 714 2490 fiu‘t.
731 2451 819 2481 bello
837 2449 1122 2490 perniciosissimo
1222 2458 1264 2486 32
1289 2447 1413 2477 deinde
1432 2445 1479 2476 C:
1505 2445 1582 2475 inde
1600 2443 1641 2474 M
