1790 2837
97 822 136 845 10

98 1475 135 1496 20

97 2123 135 2151 30

571 122 683 159 EPP.
715 121 793 158 AD
825 120 1085 159 ATTICVM
1453 120 1483 157 I.
1505 119 1593 156 xvii

153 244 289 270 vereor
327 230 432 270 enim
466 244 516 270 ne
550 232 645 270 dum
685 232 897 269 defendam
932 244 1042 269 meos
1080 244 1161 269 non
1202 244 1358 281 parcam
1393 231 1479 269 tuis.

155 299 260 335 Nam
281 296 336 335 sic
360 296 544 346 intellego
572 304 614 335 ut
642 296 738 334 nihil
758 310 781 334 a
801 295 1029 335 domesticis
1049 295 1219 334 vulneris
1250 297 1395 333 factum
1421 295 1480 342 sit,

153 361 250 400 illud
285 361 446 411 quidem
481 363 590 412 quod
623 369 704 400 erat
738 375 805 399 eos
840 369 944 399 certe
983 374 1119 398 sanare
1158 361 1342 410 potuisse.
1402 362 1481 399 Sed

153 426 317 464 huiusce
337 425 391 464 rei
417 426 535 464 totius
556 426 705 472 vitium,
728 426 837 475 quod
864 425 1066 474 aliquanto
1086 424 1204 463 etiam
1232 425 1344 463 latius
1372 434 1478 475 patet

152 503 271 540 quarn
298 490 461 537 videtur,
484 490 679 540 praesenti
703 489 773 528 tibi
801 489 1050 528 commodius
1078 502 1283 538 exponam.
1345 491 1405 528 De
1431 489 1476 527 iis
1495 499 1522 536 4

152 555 287 593 litteris
309 568 405 605 quas
425 556 477 593 ad
497 562 534 593 te
555 554 838 593 Thessalonica
860 554 963 591 misit
983 562 1021 592 et
1042 555 1092 592 de
1113 554 1359 592 sermonibus
1380 567 1479 603 quos

153 619 203 657 ab
233 619 299 657 illo
327 627 365 657 et
396 621 550 657 Romae
577 620 685 668 apud
716 618 865 656 amieos
893 626 981 656 tuos
1013 626 1051 656 et
1086 618 1125 655 in
1159 618 1296 656 itinere
1326 618 1480 657 habitos

154 691 277 733 putas,
310 683 455 733 ecquid
484 691 636 721 tantum
666 696 807 721 causae
837 682 885 720 sit
914 682 1061 732 ignoro,
1089 684 1158 721 sed
1188 683 1315 721 omnis
1346 683 1384 721 in
1414 691 1481 721 tua

154 748 282 797 posita
308 756 365 786 est
392 748 636 787 humanitate
665 748 761 785 mihi
788 761 877 798 spes
903 748 1019 786 huius
1046 749 1236 786 levandae
1266 748 1477 786 molestiae.

156 814 260 850 Nam
290 812 320 851 si
350 813 403 851 ita
432 812 621 859 statueris,
648 820 686 851 et
715 812 920 850 inritabilis
947 812 1099 851 animos
1127 826 1212 851 esse
1242 812 1481 862 optimorum

154 890 270 926 saepe
291 877 498 915 hominum
515 886 551 916 et
569 878 731 916 eosdem
753 876 954 927 placabilis
971 885 1009 915 et
1029 891 1114 915 esse
1135 878 1237 915 hanc
1257 877 1480 927 agilitatem,

154 950 195 980 ut
217 942 268 980 ita
295 942 435 989 dicam,
459 942 746 992 mollitiamque
772 950 933 980 naturae
960 943 1191 992 plerumque
1218 941 1404 980 bonitatis
1431 949 1480 989 et,

154 1007 194 1045 id
224 1008 332 1057 quod
359 1015 477 1056 caput
504 1015 572 1053 est,
596 1007 710 1045 nobis
739 1007 838 1045 inter
864 1020 936 1045 nos
963 1015 1096 1044 nostra
1122 1007 1202 1045 sive
1229 1007 1484 1045 incommoda

154 1072 234 1111 sive
266 1072 358 1110 vitia
390 1072 470 1110 sive
502 1072 660 1110 iniurias
693 1086 778 1110 esse
811 1073 1045 1119 tolerandas,
1078 1072 1191 1110 facile
1223 1073 1332 1119 haec,
1364 1085 1483 1121 quem

153 1139 204 1176 ad
239 1139 404 1176 modum
444 1151 569 1187 spero,
607 1137 913 1187 mitigabuntur3
956 1138 1065 1186 quod
1097 1150 1170 1185 ego
1208 1144 1250 1174 ut
1289 1136 1405 1174 facias
1444 1144 1482 1175 te

154 1216 233 1241 oro.
305 1204 406 1241 Nam
442 1204 493 1241 ad
526 1216 588 1241 me
623 1202 690 1252 qui
722 1210 759 1240 te
794 1201 909 1240 unice
948 1201 1068 1251 diligo
1107 1201 1275 1239 maxime
1314 1201 1482 1251 pertinet

154 1267 355 1306 neminem
376 1282 460 1306 esse
482 1282 659 1307 meorum
681 1267 748 1318 qui
769 1274 836 1306 aut
856 1274 894 1306 te
915 1280 995 1305 non
1019 1274 1125 1305 amet
1151 1274 1219 1305 aut
1245 1266 1314 1305 abs
1336 1274 1373 1305 te
1400 1280 1481 1304 non

153 1341 314 1371 ametur.

209 1399 282 1435 Illa
311 1411 398 1449 pars
426 1398 615 1448 epistulae
636 1406 725 1437 tuae
750 1397 911 1436 minime
932 1397 1003 1435 fuit
1024 1396 1242 1435 necessaria
1262 1396 1301 1434 in
1323 1409 1400 1446 qua
1420 1409 1480 1434 ex-
1499 1407 1523 1445 5

155 1462 268 1512 ponis
289 1476 385 1512 quas
406 1464 608 1502 facultates
628 1471 695 1501 aut
715 1462 1013 1513 provincialium
1034 1470 1100 1500 aut
1121 1463 1359 1500 urbanorum
1377 1475 1480 1499 com-

154 1529 363 1565 modorum
385 1535 422 1565 et
442 1528 526 1566 aliis
548 1528 790 1578 temporibus
818 1535 856 1565 et
881 1541 943 1565 me
968 1527 1053 1576 ipso
1074 1528 1236 1564 consule
1260 1525 1480 1576 praetermi-

154 1591 256 1629 seris.
319 1591 420 1629 Mihi
444 1592 550 1630 enim
578 1600 782 1642 perspecta
808 1600 865 1630 est
886 1599 923 1629 et
951 1591 1169 1641 ingenuitas
1191 1599 1228 1629 et
1250 1590 1480 1640 magnitudo

153 1657 274 1695 animi
295 1657 375 1704 tui;
404 1671 533 1707 neque
554 1671 626 1707 ego
648 1657 747 1696 inter
768 1672 830 1696 me
857 1666 975 1707 atque
997 1665 1034 1695 te
1055 1657 1268 1706 quicquam
1295 1656 1481 1694 interesse

155 1736 343 1772 umquam
365 1722 457 1760 duxi
485 1731 636 1772 praeter
656 1725 899 1761 voluntatem
927 1722 1126 1760 institutae
1147 1722 1258 1768 vitae,
1283 1723 1391 1771 quod
1419 1734 1480 1758 me

154 1786 318 1825 ambitio
332 1787 526 1836 quaedam
542 1788 593 1825 ad
614 1788 809 1825 honorum
827 1787 1011 1833 studium,
1028 1794 1065 1824 te
1080 1794 1211 1824 autem
1228 1786 1304 1824 alia
1320 1785 1481 1822 minime

155 1854 479 1903 reprehendenda
506 1853 603 1891 ratio
630 1854 681 1891 ad
708 1854 919 1891 honestum
948 1852 1072 1890 otium
1097 1851 1217 1890 duxit.
1277 1853 1380 1890 Vera
1401 1851 1481 1900 qui-

154 1920 245 1957 dem
275 1919 392 1956 laude
422 1918 637 1968 probitatis,
667 1918 904 1967 diligentiae,
934 1917 1129 1966 religionis
1159 1930 1288 1966 neque
1319 1930 1380 1955 me
1411 1916 1481 1954 tibi

154 1997 283 2033 neque
313 1997 554 2033 quemquam
583 1991 794 2032 antepono,
824 1982 966 2020 amoris
997 1996 1088 2020 vero
1118 1996 1207 2031 erga
1237 1996 1312 2029 me,
1339 1995 1429 2019 cum
1458 1995 1482 2020 a

154 2050 323 2086 fraterno
354 2062 487 2087 amore
517 2048 816 2097 domesticoque
848 2047 1019 2093 discessi,
1053 2047 1123 2085 tibi
1155 2047 1298 2096 primas
1333 2048 1477 2085 defero.

155 2113 247 2150 Vidi
268 2112 384 2159 enim,
407 2112 486 2151 vidi
512 2113 748 2162 penitusque
775 2111 951 2161 perspexi
979 2111 1018 2148 in
1043 2110 1139 2148 meis
1160 2111 1272 2148 variis
1300 2110 1480 2160 tempori-
1499 2111 1526 2147 6

155 2177 227 2214 bus
258 2184 295 2214 et
325 2177 607 2215 sollicitudines
635 2185 673 2214 et
700 2176 864 2214 laetitias
894 2183 989 2212 tuas.
1051 2175 1139 2212 Fuit
1169 2175 1264 2211 mihi
1294 2188 1411 2224 saepe
1441 2182 1478 2212 et

155 2241 280 2279 laudis
311 2249 465 2279 nostrae
494 2241 699 2290 gratulatio
729 2249 795 2278 tua
824 2240 996 2278 iucunda
1020 2247 1057 2277 et
1082 2239 1230 2277 timoris
1260 2239 1478 2277 consolatio

199 2354 239 2374 22
264 2348 297 2374 et
316 2348 361 2375 Σε
385 2355 451 2375 om.
473 2350 501 2374 Δ
592 2345 786 2383 ingenuitas
803 2343 871 2375 EM
888 2344 1024 2385 (marg.)
1045 2342 1092 2373 C:
1116 2343 1295 2382 integritas
1313 2341 1354 2371 Μ
1438 2352 1480 2381 29

155 2397 268 2418 amore
285 2387 352 2418 secl.
371 2387 503 2418 Ernesli
