1790 2837
95 128 148 166 II.
174 129 219 166 iii
543 127 600 164 M.
631 125 801 163 TVLLI
831 124 1137 164 CICERONIS

217 234 291 270 III
504 235 573 267 Ser.
593 235 641 267 ad
652 236 768 267 villam
786 246 832 266 m.
849 234 924 266 Dec.
945 246 975 266 a.
997 236 1061 276 694
1080 236 1163 278 (oo).

580 313 755 344 CICERO
787 312 960 343 ATTICO
994 312 1093 344 SAL.

136 405 153 431 1
227 391 413 439 Primum,
450 398 492 430 ut
527 391 676 442 opinor,
715 392 922 444 εὐαγγέλια.
985 388 1165 428 Valerius
1203 389 1407 428 absolut-us
1445 396 1503 428 est

174 457 393 496 Hortensio
414 458 664 496 defendente.
726 458 776 495 Id
803 456 995 494 iudicium
1016 455 1109 494 Auli
1130 455 1210 493 filio
1231 456 1503 493 condonatum

170 524 408 574 putabatur3
461 530 499 561 et
539 522 764 572 Epicratem
809 521 995 571 suspicor,
1037 528 1080 558 ut
1128 519 1276 568 scribis,
1314 519 1503 558 lascivum
1525 533 1541 563 5

171 588 302 625 fuisse.
361 587 520 626 Etenim
550 586 646 625 mihi
681 586 829 636 caligae
860 585 944 624 eius
975 593 1013 624 et
1045 584 1188 623 fasciae
1219 591 1389 623 cretatae
1422 598 1503 623 non

171 653 394 703 placebant.
453 653 562 702 Quid
584 653 632 691 sit
653 652 824 691 sciemus
845 666 936 690 cum
956 651 1122 690 veneris.

129 729 154 756 2
228 720 501 757 Fenestrarum
530 718 728 768 angustias
759 718 868 768 quod
895 716 1162 767 reprehendiS,
1183 715 1281 754 scito
1310 722 1349 754 te
1379 716 1505 766 Κύρου

171 785 337 822 παιδείαν
365 785 661 834 reprehendere.
723 785 828 821 Nam
849 796 940 820 cum
961 795 1034 831 ego
1054 781 1161 819 idem
1188 781 1288 819 istuc
1317 780 1502 828 dicerem,

172 850 296 899 Cyrus
316 849 445 887 aiebat
470 848 738 887 viridariorum
763 848 958 896 διαφάσεις
977 846 1064 884 latis
1084 845 1300 884 luminibus
1321 859 1401 883 non
1423 853 1503 885 tam
1526 859 1564 882 10

170 927 255 953 esse
276 914 404 953 suavis
419 929 429 962 3
463 914 610 953 etenim
635 915 731 952 ἔστω
756 915 839 964 ὄψις
866 915 934 964 μὲν
959 914 982 962 ἡ
1006 920 1040 958 ᾶ,
1066 912 1109 950 τὸ
1136 912 1173 949 δὲ
1203 912 1385 961 ὁρώμενον
1403 900 1444 960 ᾗ,
1465 914 1500 962 77,

170 982 310 1020 ἀκτῖνες
329 980 367 1018 δὲ
388 970 409 1018 δ
428 980 487 1018 καὶ
505 986 534 1018 ἐ.
596 979 720 1018 Vides
740 979 847 1018 enim
867 986 1007 1017 cetera.
1066 978 1171 1015 Nam
1192 977 1224 1015 si
1246 977 1323 1015 κατ’
1349 977 1506 1014 εἰδώλων

171 1046 375 1095 ἐμπτώσεις
403 1045 636 1092 videremuS,
670 1046 784 1083 valde
813 1045 1037 1083 laborarent
1068 1043 1202 1081 εἴδωλα
1230 1041 1272 1080 in
1303 1041 1501 1092 angustiis.

172 1112 292 1150 Nunc
313 1112 354 1149 fit
374 1110 505 1160 lepide
525 1110 590 1148 illa
620 1111 768 1162 ἔκχυσις
797 1109 1006 1148 radiorum.
1069 1109 1210 1148 Cetera
1239 1107 1271 1145 si
1300 1108 1506 1157 reprehen-

172 1177 285 1224 deris,
302 1191 382 1216 non
403 1178 501 1215 feres
523 1176 696 1224 tacitum,
715 1176 790 1215 nisi
806 1175 837 1214 si
855 1175 951 1226 quid
971 1174 1043 1213 erit
1062 1174 1146 1213 eius
1165 1173 1276 1213 modi
1296 1174 1406 1224 quod
1422 1172 1505 1212 sine
1527 1185 1563 1217 15

173 1250 332 1292 sumptu
353 1241 490 1291 corrigi
511 1242 644 1292 possit.

130 1316 154 1352 3
227 1307 356 1346 Venio
385 1321 492 1345 nunc
515 1308 566 1345 ad
591 1321 769 1346 mensem
798 1305 1025 1346 Ianuarium
1055 1312 1093 1344 et
1121 1306 1173 1343 ad
1201 1306 1412 1344 ὑπόστασιν
1439 1317 1507 1342 no-

173 1381 293 1411 stram
311 1385 357 1411 ae
377 1374 578 1418 πολιτείαν,
595 1373 635 1411 in
657 1388 736 1424 qua
757 1375 994 1424 Σωκρατικῶς
1021 1375 1071 1414 εἰς
1092 1373 1263 1422 ἑκάτερον
1282 1372 1352 1410 sed
1373 1379 1505 1409 tamen

171 1439 221 1477 ad
243 1446 470 1486 extremum,
493 1446 536 1477 ut
556 1439 611 1477 illi
631 1440 823 1486 solebant,
846 1440 913 1488 τὴν
936 1441 1178 1489 ἇρέσκουσαν.
1239 1439 1310 1475 Est
1331 1450 1390 1475 res
1411 1449 1505 1474 sane

172 1503 302 1554 magni
323 1504 489 1552 consili3
518 1518 611 1542 narn
640 1512 707 1542 aut
738 1504 887 1542 fortiter
917 1504 1179 1542 resistendum
1210 1510 1267 1541 est
1298 1502 1371 1551 legi
1402 1515 1505 1551 agra-
1526 1514 1566 1535 20

170 1568 259 1615 riae,
293 1568 334 1606 in
365 1582 445 1618 quo
474 1576 532 1607 est
563 1571 760 1619 quaedam
791 1568 994 1607 dimicatio
1024 1569 1093 1606 sed
1124 1569 1240 1617 plena
1269 1567 1409 1614 laudis,
1438 1574 1505 1604 aut

171 1633 469 1684 quiescendum,
493 1635 600 1684 quod
622 1642 679 1672 est
700 1648 782 1672 non
808 1634 997 1672 dissimile
1023 1641 1141 1683 atque
1162 1633 1216 1671 ire
1236 1632 1276 1670 in
1299 1632 1505 1670 Solonium

170 1707 237 1738 aut
258 1699 437 1747 Antium,
457 1707 524 1737 aut
550 1699 668 1738 etiam
695 1699 979 1747 adiuvandum,
1002 1700 1110 1749 quod
1137 1712 1160 1736 a
1185 1712 1247 1736 me
1271 1698 1380 1736 aiunt
1411 1699 1506 1737 Cae-

172 1778 297 1803 sarem
327 1764 382 1803 sic
412 1772 635 1815 exspectare
663 1773 705 1803 ut
737 1779 817 1804 non
846 1764 1010 1803 dubitet.
1074 1766 1177 1803 Nam
1209 1764 1280 1802 fuit
1306 1765 1412 1814 apud
1443 1777 1506 1802 me

173 1830 391 1877 Cornelius,
415 1832 520 1869 hunc
547 1831 638 1869 dico
668 1832 847 1877 Balbum,
875 1830 1052 1870 Caesaris
1074 1829 1314 1868 familiarem.
1376 1830 1415 1867 Is
1442 1829 1507 1867 ad-
1527 1838 1564 1870 25

174 1896 354 1934 firmabat
385 1895 495 1934 illum
527 1896 712 1935 omnibus
745 1896 785 1934 in
814 1897 930 1935 rebus
965 1910 1053 1935 meo
1084 1903 1121 1934 et
1148 1894 1313 1944 Pompei
1341 1893 1507 1933 consilio

175 1973 337 1998 usurum
375 1962 639 2011 daturumque
685 1975 844 2012 operam
885 1969 927 1999 ut
966 1975 1057 1999 cum
1094 1959 1285 2009 Pompeio
1320 1960 1506 1998 Crassum

129 2035 155 2072 4
175 2026 440 2076 coniungeret.
501 2027 582 2065 Hic
609 2036 699 2065 sunt
724 2029 835 2075 haec,
855 2026 1084 2066 coniunctio
1112 2025 1207 2063 mihi
1235 2039 1388 2063 summa
1415 2038 1506 2062 cum

176 2091 379 2141 Pompeio,
403 2091 433 2129 si
461 2093 602 2142 placet,
623 2092 741 2131 etiam
772 2105 862 2129 cum
894 2093 1075 2137 Caesare,
1102 2090 1249 2129 reditus
1279 2089 1318 2127 in
1343 2089 1505 2140 gratiam

175 2170 267 2195 cum
287 2156 467 2204 inimicis,
490 2171 565 2207 pax
591 2171 681 2195 cum
707 2156 969 2203 multitudine,
993 2155 1205 2194 senectutis
1232 2155 1367 2193 otium.
1424 2155 1506 2193 'Sed
1525 2162 1567 2193 30

178 2237 241 2262 me
262 2223 454 2263 κατακλεὶς
474 2236 563 2261 mea
583 2222 648 2260 illa
668 2228 892 2260 commovet
914 2234 1015 2270 quae
1036 2228 1093 2258 est
1114 2219 1153 2257 in
1175 2219 1275 2258 libro
1296 2218 1409 2258 tertio
1423 2228 1433 2257 ἐ

220 2337 239 2365 4
264 2326 343 2356 Auli
360 2326 427 2356 filio
450 2325 625 2356 Tunstall:
649 2324 762 2363 Afilio,
777 2324 908 2363 hatiho,
929 2323 1057 2354 Katilio
1080 2322 1170 2353 codd.
1256 2332 1275 2361 5
1301 2321 1507 2361 Iphicratem

175 2371 253 2401 coni.
277 2369 399 2410 Tyrrcll
585 2379 623 2399 12
647 2369 754 2409 enim]
775 2369 839 2398 iam
859 2366 1045 2399 Corradus:
1070 2367 1215 2397 omittere
1230 2366 1302 2397 vult
1321 2365 1510 2405 PVesenberg

177 2423 215 2452 31
242 2412 411 2443 κατα’κλεῖς
433 2412 627 2443 Turnebus:
652 2422 837 2453 κατακρεσις
854 2411 896 2441 Μ
