1817 2832
646 145 760 183 EPP.
792 145 869 182 AD
899 142 1159 182 ATTICVM
1516 140 1586 177 IV.
1604 137 1651 174 vi

244 266 286 297 ut
315 271 396 296 non
425 256 597 308 ingratus
626 256 770 295 videar.
839 255 949 304 Quid
982 254 1014 292 si
1044 267 1196 293 cessare
1225 252 1345 292 libeat
1374 258 1413 290 et
1441 250 1480 288 in
1511 248 1568 288 oti

243 332 401 373 portum
434 323 677 371 confugere?
734 320 987 370 Nequiquam
1004 334 1014 367 3
1042 318 1166 357 immo
1194 317 1313 356 etiarn
1347 316 1387 354 in
1420 316 1570 354 bellum

244 397 283 427 et
313 388 352 426 in
381 396 517 426 castra.
577 388 681 437 Ergo
701 386 845 425 erimus
871 385 1000 423 ὀπαδοὶ
1022 383 1090 433 qui
1111 382 1218 435 ταγοὶ
1237 395 1323 420 6556
1344 379 1572 418 noluimus?

245 453 309 492 Sic
330 453 555 491 faciendum
585 460 652 498 est,
676 450 747 490 tibi
776 450 882 490 enim
911 449 985 500 ipsi
1015 448 1125 500 (quoi
1152 447 1302 485 utinam
1327 458 1481 495 semper
1509 456 1573 494 pa-

208 534 224 565 5
246 518 411 556 ruissem
431 517 454 568 1)
477 517 531 555 sic
552 517 667 555 video
687 518 851 567 placere.
912 514 1127 564 Reliquum
1147 512 1225 550 iam
1246 518 1305 550 est

584 582 756 631 Σπάρταν
786 581 926 632 ἔλαχες,
957 581 1092 617 ταύταν
1122 578 1264 627 κόσμει.

249 649 344 686 Non
364 661 428 686 me
448 648 606 685 hercule
626 659 787 697 possum
806 652 846 684 et
867 644 1085 683 Philoxeno
1105 643 1268 692 ignosco
1289 641 1355 692 qui
1376 639 1509 679 reduci
1534 638 1574 677 in

248 726 444 751 carcerem
473 711 621 750 maluit.
676 711 825 749 Verum
855 717 989 748 tamen
1020 708 1061 747 id
1093 707 1223 757 ipsum
1254 719 1412 744 mecum
1441 704 1481 742 in
1515 703 1575 741 his

250 777 346 816 locis
375 785 624 816 commentor
648 783 692 814 ut
718 775 791 814 ista
814 788 859 813 ne
886 773 1118 826 improbem,
1149 772 1272 823 idque
1301 779 1343 809 tu
1377 784 1469 809 cum
1498 782 1578 807 una

193 858 232 881 10
250 843 394 883 erimus
415 841 678 881 confirmabis.

304 910 342 947 A
371 916 409 947 te
439 907 584 946 litteras
607 907 746 945 crebro
772 906 823 945 ad
854 919 918 944 me
946 903 1063 943 scribi
1092 903 1209 941 video
1238 903 1308 940 sed
1337 899 1467 940 omnis
1497 912 1578 937 uno

251 982 429 1024 tempore
465 972 609 1023 accepi.
672 973 786 1021 Quae
825 984 884 1009 res
921 969 1040 1009 etiam
1072 968 1180 1007 auxit
1213 968 1391 1006 dolorem
1431 978 1575 1003 meum.

253 1040 359 1079 Casu
387 1037 492 1077 enim
520 1037 639 1076 trinas
668 1045 760 1075 ante
786 1038 955 1086 legeram
983 1034 1128 1084 quibus
1155 1032 1384 1071 meliuscule
1407 1031 1577 1069 Lentulo

251 1117 337 1142 esse
371 1103 559 1153 scriptum
592 1109 683 1140 erat.
757 1103 861 1139 Ecce
894 1107 1056 1150 quartae
1085 1099 1259 1136 fulmen!
1316 1097 1396 1135 Sed
1429 1095 1503 1141 ille,
1536 1101 1579 1132 ut

193 1183 232 1216 15
252 1167 397 1219 scripsi,
420 1181 502 1206 non
522 1165 648 1214 miser,
671 1179 744 1204 nos
764 1179 855 1204 vero
875 1163 998 1203 ferrei.

306 1233 428 1281 Quod
457 1245 520 1271 me
547 1232 739 1269 admones
768 1238 811 1268 ut
840 1229 1007 1268 scribam
1033 1227 1099 1266 illa
1126 1225 1405 1272 Hortensiana,
1433 1224 1474 1263 in
1502 1223 1577 1262 alia
1596 1230 1620 1267 3

251 1297 372 1337 incidi
391 1311 474 1336 non
501 1296 709 1335 immemor
732 1294 842 1333 istius
866 1292 1042 1332 mandati
1066 1292 1147 1340 tui;
1176 1293 1246 1330 sed
1271 1305 1335 1329 me
1355 1291 1513 1329 hercule
1536 1291 1578 1327 in

252 1361 479 1412 incipiendo
509 1360 641 1410 refugi,
674 1373 724 1398 ne
753 1359 821 1410 qui
851 1358 987 1397 videor
1015 1359 1132 1396 stulte
1163 1356 1265 1394 illius
1296 1355 1412 1393 amici
1444 1355 1581 1393 intem-

255 1426 403 1478 periem
432 1439 514 1464 non
544 1424 677 1462 tulisse
707 1437 837 1462 rursus
867 1424 985 1461 stulte
1013 1421 1193 1460 iniuriam
1224 1420 1326 1458 illius
1355 1419 1495 1457 faciam
1525 1419 1580 1457 in-

195 1507 235 1530 20
252 1493 414 1530 lustrem
434 1490 465 1528 si
486 1490 583 1539 quid
603 1489 803 1539 scripsero,
827 1495 865 1526 et
886 1488 1002 1525 simul
1028 1500 1078 1525 ne
1106 1486 1273 1536 βαθύτης
1300 1498 1388 1523 mea
1411 1498 1512 1534 quae
1539 1484 1579 1522 in

252 1557 408 1606 agendo
436 1554 616 1604 apparuit
642 1554 681 1590 in
708 1553 919 1591 scribendo
946 1551 995 1590 sit
1016 1550 1208 1589 occultior
1232 1558 1271 1588 et
1296 1549 1446 1599 aliquid
1472 1549 1580 1587 satis-

253 1620 371 1660 factio
399 1619 566 1658 levitatis
594 1619 740 1657 habere
768 1617 956 1656 videatur.
1013 1618 1091 1654 Sed
1116 1615 1356 1662 viderimus,·
1385 1622 1426 1652 tu
1457 1616 1578 1653 modo
1595 1621 1623 1659 4

253 1699 372 1737 quam
402 1683 629 1734 saepissime
647 1684 699 1722 ad
720 1697 784 1721 me
803 1681 964 1733 aliquid.
1024 1680 1244 1731 Epistulam
1275 1679 1447 1718 Lucceio
1474 1693 1581 1717 nunc

255 1765 374 1802 quarn
396 1750 497 1797 misi,
513 1763 592 1799 qua
608 1762 714 1786 meas
736 1762 795 1787 res
817 1756 859 1786 ut
878 1747 1022 1786 scribat
1043 1760 1148 1796 rogo,
1167 1747 1228 1784 fac
1249 1753 1291 1783 ut
1310 1745 1361 1783 ab
1382 1758 1430 1783 eo
1451 1758 1582 1783 sumas

197 1832 235 1863 ²5
257 1817 387 1865 (valde
416 1817 520 1855 bella
549 1816 624 1865 est)
645 1829 817 1866 eumque
837 1823 879 1853 ut
905 1816 1141 1864 adproperet
1170 1810 1388 1850 adhorteris
1416 1818 1454 1848 et
1473 1811 1583 1859 quod

257 1881 352 1919 mihi
373 1896 413 1920 se
433 1881 486 1919 ita
505 1883 699 1920 facturum
720 1879 914 1930 rescripsit
932 1893 1024 1930 agas
1047 1878 1200 1929 gratias,
1223 1877 1387 1914 domum
1409 1883 1582 1914 nostram

255 1948 388 1997 quoad
421 1946 566 1997 poteris
600 1946 754 1993 invisas,
785 1945 968 1984 Vestorio
1001 1944 1151 1995 aliquid
1190 1941 1396 1993 significes.
1455 1941 1582 1979 Valde

255 2011 361 2050 enim
382 2019 439 2049 est
459 2011 499 2048 in
520 2024 584 2049 me
603 2011 782 2050 liberalis.

301 2126 320 2144 2
347 2114 559 2153 Nequiquam
576 2115 712 2146 Baiter:
737 2126 798 2146 nec
814 2114 994 2154 quicquam
1012 2113 1071 2145 M:
1098 2125 1140 2144 ne
1159 2114 1190 2144 id
1208 2114 1345 2153 quidem
1360 2112 1446 2143 Reid
1563 2121 1582 2150 5

260 2158 441 2197 Reliquum
470 2159 533 2188 iam
562 2159 678 2189 Orelli:
714 2160 857 2198 reliquia
883 2159 923 2187 M
1054 2169 1074 2196 9
1099 2168 1141 2188 ne
1167 2157 1235 2187 add
1267 2157 1390 2188 Scln't'lz
1506 2165 1583 2194 pro-

259 2202 334 2231 bem
362 2201 552 2241 Malaspina
687 2211 724 2240 15
749 2201 850 2232 ferrei
877 2200 951 2231 M2:
990 2201 1067 2231 ferri
1094 2200 1174 2232 M¹:
1214 2202 1302 2231 servi
1337 2199 1436 2231 Vict.:
1472 2199 1583 2229 miseri

259 2246 337 2275 coni.
360 2245 459 2274 Boot:
486 2245 625 2275 scrimur
640 2245 859 2285 Hirsclgseldcr
990 2255 1025 2282 17
1053 2245 1085 2274 in
1111 2244 1186 2274 add.
1208 2243 1331 2273 Msiller
1466 2243 1503 2272 18
1528 2242 1584 2281 qui

258 2289 377 2319 videor
395 2288 512 2319 Lamb.
530 2300 539 2319 z
562 2290 654 2328 quod
672 2289 769 2318 video
788 2289 827 2318 M
843 2300 850 2319 :
873 2299 971 2328 quom
990 2289 1106 2318 videar
1125 2288 1204 2318 coni.
1230 2287 1369 2316 Miiller:
1396 2286 1450 2325 qui
1468 2286 1586 2316 videar

259 2332 390 2406 {lrfzcsti
475 2343 548 2405 Mar!
563 2333 724 2362 oculatior
739 2332 859 2363 Rosius
946 2341 1000 2370 23,
1017 2342 1058 2370 24
1084 2342 1172 2362 nunc
1189 2341 1288 2371 quam
1309 2324 1353 2359 Zb
1369 2341 1376 2361 :
1402 2339 1584 2369 numquam

327 2387 333 2407 :
358 2386 457 2414 quam
516 2388 523 2392 ·
