1817 2832
187 144 258 181 VI.
279 143 295 180 i

235 265 282 293 10

245 907 279 934 11

237 1371 280 1399 12

233 1826 276 1863 13

665 144 721 180 M.
753 142 922 180 TVLLI
953 142 1261 181 CICERONIS

356 255 418 292 De
438 253 569 292 Tullia
602 266 691 292 mea
720 252 792 291 tibi
825 251 1026 292 adsentior
1059 251 1276 303 scripffique
1307 253 1359 292 ad
1392 266 1479 293 eam
1513 259 1552 292 et
1580 254 1631 292 ad

300 318 527 357 Terentiam
559 317 656 356 mihi
687 319 852 368 placere.
910 319 974 356 Tu
1006 317 1112 356 enim
1142 319 1193 356 ad
1225 330 1288 356 me
1317 317 1394 356 iam
1424 325 1515 356 ante
1545 317 1633 356 scri-

299 396 441 433 pseraS,
471 384 555 421 ‘Ac
575 384 716 421 vellem
744 390 783 421 te
808 382 848 420 in
873 390 985 420 tuum
1012 390 1184 421 veterem
1211 396 1366 433 gregem
1393 382 1631 422 rettulisses.⁷

301 449 486 487 Correcta
509 461 601 486 vero
627 447 794 497 epistula
820 447 1067 486 Memmiana
1094 446 1192 485 nihil
1219 447 1352 497 negoti
1379 447 1475 495 fuit;
1507 449 1632 486 multo

299 513 404 551 enim
435 514 539 551 malo
569 514 675 551 hunc
704 526 726 551 a
754 511 939 551 Pontidia
967 525 1086 561 quam
1118 511 1229 550 illum
1259 525 1282 550 a
1311 511 1481 551 Servilia.
1542 514 1632 561 Qua
1652 525 1669 556 5

299 591 338 616 re
364 577 555 627 adiunges
583 577 783 616 Saufeium
810 585 1002 625 nostrum,
1022 577 1226 615 hominem
1253 590 1408 627 semper
1431 584 1631 615 amantem

299 642 390 690 mei,
419 656 526 681 nunc
555 644 675 681 credo
704 656 752 682 eo
781 642 904 692 magis
934 644 1042 692 quod
1073 643 1193 681 debet
1222 641 1341 680 etiam
1371 641 1496 680 fratris
1525 641 1632 691 Appi

299 721 472 746 amorem
500 721 590 758 erga
619 721 682 746 me
712 721 802 746 cum
830 707 979 757 reliqua
1009 707 1226 746 hereditate
1252 706 1444 755 crevisse3
1473 705 1541 756 qui
1568 706 1633 744 de-

299 772 457 810 claravit
477 772 613 822 quanti
639 786 702 812 me
726 774 870 811 faceret
890 786 981 811 cum
1006 785 1123 822 saepe
1144 779 1228 810 tum
1248 771 1288 809 in
1311 773 1444 810 Bursa.
1505 772 1568 810 Ne
1588 778 1630 809 tu

299 851 362 875 me
383 837 647 876 sollicitudine
668 851 810 888 magna
830 837 1013 876 liberaris.
1653 846 1693 870 10

354 902 472 940 Furni
507 902 686 952 exceptio
721 902 817 940 mihi
851 915 932 940 non
966 903 1120 952 placet,
1156 914 1232 940 nec
1262 900 1367 939 enim
1399 914 1473 951 ego
1506 901 1630 939 ullum

297 967 405 1006 aliud
425 974 581 1017 tempus
609 967 730 1006 timeo
757 967 831 1005 nisi
852 968 960 1016 quod
988 966 1053 1005 ille
1076 968 1204 1005 solum
1225 965 1378 1016 excipit.
1438 966 1517 1004 Sed
1545 965 1632 1004 scri-

297 1034 431 1071 berem
459 1034 509 1071 ad
536 1040 574 1071 te
604 1034 655 1071 de
684 1034 761 1071 hoc
790 1034 911 1082 plura,
938 1032 970 1071 si
998 1034 1153 1070 Romae
1181 1045 1297 1070 esses.
1359 1033 1407 1070 In
1438 1030 1631 1081 Pompeio

298 1105 336 1135 te
369 1111 480 1147 spem
514 1111 675 1136 omnem
710 1097 764 1136 oti
803 1110 950 1148 ponere
984 1111 1064 1136 non
1099 1096 1226 1135 miror.
1297 1098 1359 1135 Ita
1392 1110 1451 1134 res
1485 1103 1544 1134 est
1577 1109 1632 1135 re-

298 1163 620 1212 movendumque
659 1175 803 1201 censeo
842 1163 938 1201 illud
975 1162 1339 1201 ‘dissimulantem'
1407 1163 1485 1201 Sed
1524 1161 1629 1200 enirn
1653 1175 1689 1207 15

296 1229 486 1278 οἰκονομία
506 1228 537 1266 si
558 1227 818 1278 perturbatior
837 1235 906 1275 est,
925 1227 996 1266 tibi
1016 1227 1233 1278 adsignato.
1281 1229 1341 1266 Te
1361 1226 1466 1266 enim
1488 1240 1631 1276 sequor

298 1294 550 1345 σχεδιάζοντα.

353 1358 566 1398 Cicerones
593 1357 703 1408 pueri
729 1365 863 1396 amant
892 1357 993 1396 inter
1021 1371 1073 1405 se,
1101 1356 1268 1404 discunt,
1295 1363 1534 1404 exercentur,
1561 1357 1631 1395 sed

297 1425 405 1471 alter,
433 1423 489 1461 uti
519 1422 615 1461 dixit
646 1424 840 1461 Isocrates
874 1422 913 1460 in
950 1424 1113 1473 Ephoro
1142 1430 1180 1461 et
1204 1424 1480 1472 Theopompo,
1513 1421 1631 1460 frenis

297 1496 394 1538 eget,
428 1490 524 1526 alter
557 1488 784 1526 calcaribus.
850 1488 1002 1537 Quinto
1040 1496 1171 1539 togam
1211 1502 1348 1539 puram
1383 1487 1630 1526 Liberalibus
1653 1500 1691 1522 20

297 1553 519 1604 cogitabam
547 1554 663 1600 dare,
699 1553 899 1591 mandavit
926 1553 1032 1592 enim
1064 1562 1183 1604 pater.
1243 1555 1302 1591 Ea
1329 1553 1385 1591 sic
1411 1552 1630 1591 observabo

296 1618 408 1668 quasi
446 1618 718 1656 intercalatum
757 1631 837 1655 non
877 1618 934 1655 sit.
1002 1618 1214 1667 Dionysius
1254 1617 1350 1655 mihi
1389 1617 1549 1667 quidem
1590 1617 1629 1655 in

295 1683 495 1722 amoribus
523 1690 606 1730 est,
640 1682 749 1732 pueri
776 1690 908 1720 autem
936 1683 1045 1721 aiunt
1072 1696 1163 1721 eum
1194 1684 1365 1721 furenter
1391 1682 1527 1730 irasci;
1559 1684 1629 1721 sed

296 1750 418 1787 homo
445 1762 518 1787 nec
545 1748 698 1787 doctior
724 1762 798 1787 nec
825 1748 995 1787 sanctior
1022 1748 1103 1786 fieri
1130 1755 1260 1798 potest
1287 1762 1360 1786 nec
1387 1748 1443 1786 tui
1471 1748 1628 1798 meique

295 1814 498 1853 amantior.
563 1815 792 1860 Thermum,
830 1813 968 1853 Silium
1002 1827 1091 1852 vere
1129 1813 1242 1852 audis
1280 1813 1440 1852 laudari.
1499 1816 1627 1853 Valde
1650 1829 1687 1861 25

295 1881 460 1918 honeste
493 1893 530 1917 se
561 1886 710 1929 gerunt.
770 1880 889 1918 Adde
929 1881 985 1917 M.
1023 1879 1215 1927 Nonium,
1251 1879 1447 1926 Bibulum,
1486 1893 1558 1927 me,
1597 1880 1628 1918 si

293 1946 412 1983 voles.
479 1946 563 1982 Iam
597 1946 731 1983 Scrofa
762 1946 902 1983 vellem
938 1944 1099 1982 haberet
1131 1944 1198 1982 ubi
1232 1952 1391 1994 posset;
1429 1952 1486 1983 est
1521 1945 1626 1983 enim

293 2011 444 2048 lautum
492 2010 705 2059 negotium.
775 2009 904 2050 Ceteri
952 2009 1150 2048 infirmant
1197 2012 1403 2061 πολίτευμα
1450 2010 1624 2050 Catonis.

296 2074 512 2113 Hortensio
544 2077 652 2125 quod
683 2089 842 2113 causam
873 2088 1002 2113 meam
1032 2077 1290 2114 commendas
1321 2077 1434 2114 valde
1461 2083 1623 2126 gratum.

297 2141 357 2177 l)e
374 2141 545 2177 Amiano
567 2140 649 2190 spei
670 2140 767 2178 nihil
787 2147 896 2189 putat
913 2153 998 2178 esse
1016 2139 1240 2190 Dionysius.
1291 2140 1452 2180 Terenti
1474 2142 1624 2178 nullum
1646 2152 1687 2183 30

293 2204 499 2254 vestigium
519 2205 701 2255 adgnovi.
763 2207 1021 2255 Moeragenes
1045 2214 1149 2244 certe
1170 2206 1292 2256 periit.
1354 2206 1445 2244 Feci
1467 2206 1538 2245 iter
1557 2220 1626 2256 per

339 2318 377 2347 15
402 2309 482 2339 illud
509 2308 574 2339 duo
597 2308 686 2339 codd.
709 2307 941 2349 Malaspz'nae:
978 2308 1069 2340 illum
1095 2309 1136 2339 M
1265 2310 1353 2341 enim
1371 2309 1458 2341 codd.
1478 2321 1484 2340 ε
1512 2320 1623 2340 rerum

296 2353 520 2425 Mz'iller.·ldel.
554 2351 741 2394 W'esenbetg
874 2352 943 2383 Sed
974 2353 1134 2392 οἰκονομία
1162 2363 1235 2385 mea
1272 2354 1300 2385 si
1328 2354 1407 2387 coni.
1437 2353 1626 2394 chsenbmg

293 2399 335 2426 26
359 2407 394 2426 SC
411 2408 440 2426 a(
454 2397 484 2427 d.
506 2401 575 2427 vell.
