1817 2832
673 157 784 195 EPP.
818 157 896 194 AD
927 154 1186 195 ATTICVM
1473 151 1542 189 IV.
1565 148 1595 187 ii

233 276 444 307 statuturos
479 281 568 307 cum
602 276 749 307 senatu.
822 270 962 318 Itaque
993 280 1064 306 suo
1099 266 1265 317 quisque
1296 265 1437 303 horum
1471 264 1560 300 loco

10 342 60 387 q
233 333 466 373 sententiam
500 342 655 384 rogatus
691 335 812 371 multa
844 334 1062 372 secundum
1097 344 1254 369 causam
1285 337 1456 368 nostram
1487 327 1562 365 dis-

12 398 45 482 !
232 398 391 450 putavit.
453 399 556 438 Cum
587 400 637 437 ad
668 398 855 438 Clodium
884 405 1045 435 ventum
1081 404 1148 442 est,
1181 394 1302 445 cupiit
1333 393 1439 432 diem
1471 405 1562 430 con-

24 481 28 504 i
234 476 387 502 sumere
416 476 545 513 neque
572 463 607 501 ei
637 462 724 500 finis
749 470 806 501 est
827 464 962 508 factus,
987 462 1056 499 sed
1087 468 1219 498 tamen
1241 473 1330 497 cum
1351 460 1466 496 horas
1495 457 1560 495 tris

194 539 212 571 5
233 529 312 567 fere
333 527 503 576 dixisset,
527 528 620 567 odio
645 535 682 566 et
710 527 871 577 strepitu
899 533 1056 564 senatus
1085 532 1243 563 coactus
1265 532 1323 562 est
1346 523 1560 572 aliquando

233 607 422 644 perorare.
497 594 600 632 Cum
640 594 748 631 fieret
786 599 944 630 senatus
983 591 1207 629 consultum
1246 588 1286 626 in
1326 586 1560 626 sententiam

234 658 455 696 Marcellini
485 657 670 696 omnibus
700 664 852 707 praeter
872 669 995 694 unum
1026 653 1350 700 adsentientibus,
1373 654 1559 691 Serranus

232 724 446 761 intercessit.
505 724 571 761 De
599 721 878 760 intercessione
909 720 1039 759 statim
1064 720 1183 758 ambo
1211 719 1391 757 consules
1421 718 1560 755 referre

234 795 458 837 coeperunt.
520 788 622 827 Cum
647 786 863 825 sententiae
884 784 1132 836 gravissimae
1153 783 1385 829 dicerentur,
1410 780 1560 820 senatui

177 865 215 887 10
234 853 387 902 placere
411 851 507 889 mihi
535 853 698 890 domum
720 850 878 898 restitui,
902 849 1097 900 porticum
1119 847 1249 888 Catuli
1279 847 1408 893 locari,
1431 854 1562 884 aucto-

233 915 386 954 ritatem
417 916 564 955 ordinis
591 917 641 954 ab
669 916 854 954 omnibus
888 913 1178 965 magistratibus
1208 911 1368 951 defendi
1399 911 1430 950 si
1460 925 1561 961 quae

233 980 290 1018 vis
322 988 423 1019 esset
455 982 567 1027 facta,
601 988 780 1018 senatum
815 979 1122 1018 existimaturum
1154 977 1236 1016 eius
1266 990 1384 1027 opera
1415 978 1560 1014 factum

234 1058 319 1084 esse
348 1045 415 1095 qui
444 1053 600 1083 senatus
628 1046 809 1083 consulto
835 1043 1126 1089 intercessisset,
1150 1044 1335 1081 Serranus
1362 1041 1561 1092 pertimuit

234 1117 272 1148 et
312 1109 545 1149 Cornicinus
585 1111 635 1148 ad
671 1123 781 1147 suam
815 1116 985 1146 veterem
1020 1108 1192 1145 fabulam
1227 1106 1340 1144 rediit
1358 1120 1368 1153 ;
1409 1105 1562 1143 abiecta

176 1185 214 1219 15
235 1182 325 1225 toga
356 1188 397 1213 se
428 1176 479 1213 ad
511 1174 641 1224 generi
669 1175 791 1223 pedes
822 1172 975 1211 abiecit.
1037 1174 1109 1210 Ille
1138 1179 1296 1210 noctem
1328 1170 1400 1209 sibi
1431 1178 1562 1220 postu-

234 1239 335 1278 lavit.
386 1241 479 1278 Non
501 1239 786 1285 concedebant,
805 1237 1155 1276 reminiscebantur
1171 1236 1276 1275 enim
1299 1238 1386 1274 Kal.
1405 1237 1558 1274 Ianuar.

234 1304 310 1342 Vix
341 1305 501 1343 tandem
537 1304 607 1342 tibi
641 1305 691 1342 de
725 1317 813 1341 mea
846 1304 1047 1341 voluntate
1076 1315 1308 1340 concessum
1349 1308 1415 1339 est.
1491 1303 1604 1344 Po-5

235 1369 368 1408 stridie
398 1377 555 1407 senatus
586 1370 808 1407 consultum
836 1369 981 1406 factum
1014 1375 1071 1405 est
1105 1367 1145 1404 id
1176 1367 1284 1416 quod
1313 1367 1363 1404 ad
1393 1373 1431 1403 te
1460 1365 1558 1403 misi.

238 1434 394 1472 Deinde
433 1435 614 1472 consules
654 1432 848 1483 porticum
884 1431 1014 1471 Catuli
1044 1431 1325 1469 restituendam
1359 1432 1561 1477 locarunt,

178 1510 218 1532 20
236 1498 342 1536 illam
373 1497 567 1547 porticum
600 1499 866 1546 redemptores
897 1495 1024 1533 statim
1057 1503 1147 1533 sunt
1181 1494 1359 1533 demoliti
1390 1494 1562 1532 libentis-

235 1562 342 1601 simis
381 1562 577 1600 omnibus.
637 1562 765 1600 Nobis
804 1560 1049 1610 superficiem
1093 1559 1252 1598 aedium
1291 1561 1472 1597 consules
1511 1560 1561 1597 de

234 1626 373 1665 consili
403 1627 597 1665 sententia
625 1626 880 1665 aestimarunt
910 1624 1087 1663 sestertio
1108 1624 1268 1671 viciens,
1289 1631 1418 1662 cetera
1446 1625 1560 1662 valde

234 1691 496 1739 inliberaliter,
515 1693 782 1730 Tusculanam
805 1690 935 1728 villam
958 1689 1181 1740 quingentis
1202 1689 1374 1736 milibus,
1392 1689 1561 1727 Formia-

235 1770 330 1794 num
363 1758 433 1795 HS
463 1756 644 1795 ducentis
671 1755 955 1805 quinquaginta
976 1754 1144 1792 milibus.
1205 1755 1318 1802 Quae
1342 1753 1562 1792 aestimatio

177 1832 215 1865 25
237 1834 318 1860 non
338 1822 459 1859 modo
479 1823 732 1859 vehementer
751 1821 801 1858 ab
823 1820 974 1870 optimo
996 1832 1154 1869 quoque
1175 1820 1245 1857 sed
1266 1818 1383 1857 etiam
1403 1832 1425 1856 a
1446 1819 1561 1868 plebe

235 1885 542 1935 reprehenditur.
603 1885 745 1923 Dices:
779 1885 909 1933 ‘Quid
937 1884 1050 1934 igitur
1071 1897 1211 1922 causae
1232 1883 1355 1921 fuit?'
1413 1883 1562 1922 Dicunt

233 1949 289 1988 illi
323 1950 484 2000 quidem
516 1951 708 2000 pudorem
743 1964 886 1996 meum,
920 1951 1028 1999 quod
1062 1962 1192 1998 neque
1225 1948 1397 1998 negarim
1432 1962 1561 1999 neque

233 2014 504 2053 vehementius
534 2014 762 2065 postularim
777 2029 787 2062 3
817 2016 885 2052 sed
907 2028 987 2051 non
1013 2021 1070 2051 est
1096 2013 1160 2060 id3
1189 2027 1279 2050 nam
1301 2015 1377 2051 hoc
1398 2013 1558 2063 quidem

282 2117 295 2137 1
323 2106 458 2147 horum]
478 2112 671 2138 senatorum
685 2106 774 2137 Koclz
873 2108 893 2136 8
919 2106 1122 2136 intercessit.
1170 2106 1221 2136 De
1239 2105 1308 2135 add
1338 2105 1412 2136 Vict.
1520 2116 1559 2136 10

234 2149 337 2180 locari
354 2150 553 2180 Ascensius:
578 2151 690 2180 locare
709 2150 771 2188 <vel
787 2150 911 2189 iocare)
931 2149 1020 2180 codd.
1152 2160 1188 2188 17
1215 2150 1351 2179 tandem
1371 2147 1557 2179 Corradus:

418 2207 422 2210 ·
1409 2200 1417 2217 1

234 2231 346 2257 tamen
364 2225 451 2257 codd.
468 2226 605 2266 Seyffi’rt
691 2226 750 2256 tibi
769 2236 796 2256 v.
811 2237 835 2256 c.
850 2225 967 2256 NPM*
984 2237 991 2256 τ
1018 2225 1079 2255 sibi
1099 2224 1226 2256 M2O²s
1244 2237 1251 2256 ε
1269 2226 1317 2256 eis
1335 2226 1390 2266 (cx
1405 2225 1436 2265 s)
1454 2224 1558 2256 Reid:

234 2270 297 2300 sivi
312 2268 469 2309 Madvig:
498 2270 529 2299 id
546 2268 574 2298 L
595 2269 748 2309 (marg.):
772 2270 805 2300 id
829 2270 860 2299 ei
888 2269 1008 2299 Orelli:
1031 2269 1090 2299 del.
1119 2269 1267 2299 Facrnus
1389 2279 1431 2299 20
1455 2268 1560 2308 porti-

234 2322 307 2342 cum
340 2312 408 2342 secl.
452 2312 572 2351 Tyrrell
583 2323 590 2343 :
628 2312 745 2354 πόρνην
774 2313 958 2343 Gronovius
984 2312 1050 2342 coll.
1077 2311 1128 2342 De
1151 2312 1262 2342 Domo
1293 2321 1350 2342 111
1516 2322 1558 2351 23

233 2358 443 2389 Formianarn
461 2356 597 2395 Seyffert
714 2357 756 2386 28
782 2367 856 2386 nam
874 2357 937 2386 hoc
955 2358 1034 2395 quid
1053 2358 1153 2387 etiam
1171 2357 1376 2397 profuisset?
1400 2355 1535 2397 Seyffert
1550 2366 1558 2387 :

232 2411 311 2432 num
328 2401 390 2431 hoc
407 2400 543 2439 quidem
562 2400 662 2430 etiam
681 2400 864 2439 profuisset
879 2402 887 2431 ,ἲ
917 2399 1040 2438 Tyrrcll
