1790 2837
83 126 243 165 111.xv
542 127 598 164 M.
631 125 800 163 TVLLI
832 125 1139 164 CICERONIS

177 238 365 287 rogando,
396 237 504 287 quod
539 235 614 274 nisi
648 235 883 275 nominatim
915 249 1072 275 mecum
1099 235 1162 286 agi
1191 243 1375 286 coeptum
1406 243 1508 275 esset

176 302 257 341 fieri
285 301 550 352 perniciosum
575 301 657 339 fuit.
723 302 801 340 Sed
828 315 947 351 pergo
979 301 1183 351 praeterita
1213 315 1348 340 verum
1375 309 1507 340 tamen

178 369 230 407 ob
265 370 366 406 hanc
401 381 560 406 causam
599 376 652 415 ut,
685 367 717 406 si
750 367 846 418 quid
880 375 1024 418 agetur,
1058 369 1183 417 legem
1218 367 1323 406 illam
1357 367 1398 406 in
1429 380 1507 418 qua

127 437 154 473 6
178 433 381 485 popularia
411 435 533 471 multa
560 441 650 471 sunt
677 447 727 472 ne
754 433 931 483 tangatis.
991 435 1140 471 Verum
1170 440 1227 471 est
1254 435 1416 471 stultum
1444 446 1507 471 me

176 498 400 549 praecipere
421 498 517 548 quid
537 498 658 548 agatis
679 506 746 536 aut
765 512 845 548 quo
867 499 998 536 modo.
1049 497 1210 536 Vtinam
1232 499 1353 537 modo
1373 506 1508 548 agatur

176 563 348 614 aliquid!
389 565 437 602 In
465 577 544 613 quo
574 563 660 614 ipso
690 565 813 602 multa
842 564 1042 602 occultant
1071 570 1161 601 tuae
1192 563 1352 610 litterae,
1375 565 1503 610 credo,

176 643 226 667 ne
252 627 525 667 vehementius
553 628 826 678 desperatione
853 628 1065 678 perturber.
1127 627 1235 676 Quid
1265 627 1370 666 enirn
1397 627 1506 665 vides

176 693 236 743 agi
254 706 369 743 posse
389 700 455 731 aut
477 706 556 742 quo
577 694 728 731 modo?
756 706 825 743 per
845 694 1110 731 senatumne?
1149 694 1203 730 At
1219 699 1301 730 tute
1321 691 1507 742 scripsisti

174 760 225 797 ad
253 772 316 797 me
338 759 542 808 quoddam
563 766 681 808 caput
702 758 796 807 legis
818 757 1003 796 Clodium
1026 758 1066 795 in
1083 757 1212 796 curiae
1233 765 1345 807 poste
1365 757 1503 804 fixisse,

176 825 243 862 ΝΕ
269 836 451 862 REFERRI
481 835 592 861 NEVE
617 835 702 861 D1C1
732 835 919 861 LICERET.
981 824 1073 871 Quo
1094 824 1216 861 modo
1237 822 1351 872 igitur
1373 822 1506 861 Domi-

176 889 251 927 tius
273 903 313 928 se
335 888 431 927 dixit
451 889 692 926 relaturum?
721 901 800 937 quo
822 888 943 925 modo
969 895 1102 925 autem
1123 887 1168 925 iis
1190 900 1288 937 quos
1309 895 1350 925 tu
1371 887 1506 926 scribis

176 962 214 993 et
244 956 294 993 de
324 968 364 993 re
393 953 617 993 dicentibus
649 961 687 991 et
717 961 759 991 ut
788 954 991 991 referretur
1020 952 1311 1003 postulantibus
1341 952 1506 992 Clodius

175 1019 328 1058 tacuit?
384 1021 445 1058 Ac
483 1019 515 1057 si
552 1033 621 1069 per
658 1020 862 1069 populum,
893 1017 1088 1069 poteritne
1126 1017 1201 1056 nisi
1239 1019 1289 1057 de
1327 1018 1506 1057 omnium

175 1085 421 1124 tribunorum
446 1086 496 1135 pl.
520 1084 743 1123 sententia?
791 1083 899 1133 Quid
920 1085 970 1122 de
991 1083 1136 1122 bonis?
1165 1083 1260 1133 quid
1282 1084 1332 1122 de
1352 1085 1507 1123 domo?

175 1150 370 1200 poteritne
404 1149 583 1188 restitui?
620 1156 687 1187 aut
722 1148 753 1187 si
786 1163 866 1187 non
901 1148 1053 1198 poterit,
1084 1156 1240 1198 egomet
1269 1162 1349 1198 quo
1384 1150 1505 1188 modo

175 1218 342 1266 potero?
386 1218 500 1254 Haec
521 1215 596 1253 nisi
611 1214 721 1254 vides
742 1214 925 1265 expediri,
942 1228 1061 1264 quam
1083 1214 1123 1252 in
1143 1228 1255 1264 spem
1276 1228 1339 1253 me
1359 1217 1507 1253 vocas?

176 1281 235 1318 sin
251 1288 383 1319 autem
404 1280 487 1331 spei
508 1280 604 1318 nihil
622 1287 690 1326 est,
706 1293 807 1330 quae
828 1287 886 1318 est
902 1279 998 1317 mihi
1014 1279 1121 1317 vita?
1161 1281 1300 1329 Itaque
1321 1287 1506 1330 exspecto

175 1345 482 1384 Thessalonicae
508 1352 596 1383 acta
618 1346 705 1382 Kal.
729 1346 844 1391 Sext,
868 1358 914 1382 ex
941 1344 1084 1394 quibus
1112 1352 1280 1382 statuam
1305 1344 1345 1382 in
1366 1352 1507 1384 tuosne

174 1423 286 1459 agros
313 1409 549 1460 confugiam,
573 1416 615 1446 ut
643 1422 773 1458 neque
799 1408 953 1447 videam
981 1408 1163 1447 homines
1191 1422 1290 1459 quos
1318 1409 1441 1448 nolim
1469 1417 1507 1448 et

176 1483 223 1522 te,
248 1483 289 1513 ut
317 1475 464 1522 scribis,
488 1474 644 1513 videam
674 1481 712 1512 et
738 1474 898 1524 propius
928 1474 1000 1512 sim
1031 1473 1062 1512 si
1093 1474 1188 1524 quid
1218 1482 1362 1525 agatur,
1387 1475 1507 1525 idque

176 1540 348 1579 intellexi
385 1554 477 1579 cum
516 1539 586 1578 tibi
625 1547 709 1578 tum
749 1539 900 1589 Quinto
938 1539 1043 1577 fratri
1081 1541 1245 1589 placere,
1281 1554 1332 1578 an
1365 1541 1507 1579 abeam

178 1605 375 1654 Cyzicum.

134 1678 158 1718 7
234 1671 363 1717 Nunc,
383 1670 589 1720 Pomponi,
613 1669 801 1719 quoniam
823 1669 919 1708 nihil
941 1670 1144 1721 impertisti
1166 1680 1255 1710 tuae
1275 1672 1507 1723 prudentiae

177 1736 229 1773 ad
263 1736 427 1773 salutem
459 1748 599 1782 meam,
623 1735 732 1784 quod
761 1742 827 1772 aut
857 1734 896 1772 in
927 1750 989 1774 me
1019 1737 1105 1787 ipso
1135 1738 1226 1776 satis
1256 1751 1341 1776 esse
1368 1736 1507 1776 consili

178 1801 456 1838 decreras‘aut
490 1808 528 1838 te
561 1800 657 1837 nihil
692 1802 778 1850 plus
813 1801 909 1839 mihi
945 1803 1090 1841 debere
1125 1817 1242 1853 quam
1278 1811 1319 1841 ut
1351 1810 1506 1853 praesto
1527 1814 1541 1835 2

178 1879 292 1912 esses,
334 1865 602 1915 quoniamque
645 1880 718 1916 ego
759 1868 946 1917 proditus,
989 1868 1182 1915 inductus,
1225 1869 1426 1907 coniectus
1466 1868 1506 1906 in

178 1931 354 1969 fraudem
387 1930 520 1969 onmia
551 1945 639 1969 mea
672 1932 866 1982 praesidia
897 1933 1058 1983 neglexi,
1089 1942 1211 1972 totam
1245 1934 1398 1972 Italiam
1428 1933 1505 1970 iam

178 2002 346 2033 erectam
376 1997 427 2034 ad
457 2010 520 2034 me
545 1998 842 2035 defendendum
868 1998 1026 2036 destitui
1056 2006 1094 2036 et
1118 1998 1266 2048 reliqui,
1295 2012 1367 2045 me,
1397 2011 1506 2036 meos

178 2059 274 2098 meis
305 2060 446 2099 tradidi
476 2061 644 2100 inimicis
674 2062 919 2112 inspectante
948 2070 985 2101 et
1014 2070 1168 2101 tacente
1195 2071 1233 2101 te
1260 2063 1337 2112 qui,
1364 2063 1395 2101 si
1425 2077 1506 2101 non

220 2174 239 2203 3
264 2170 382 2203 agetur
403 2167 518 2198 [amb.
539 2179 545 2197 :
571 2172 730 2204 ageretur
748 2167 836 2198 codd.
994 2170 1015 2198 6
1041 2168 1077 2198 In
1101 2179 1168 2206 quo
1192 2168 1265 2207 ipso
1290 2163 1355 2198 2²¹:
1382 2169 1415 2198 in
1440 2179 1506 2207 quo

178 2209 251 2247 ipsa
268 2209 351 2240 Ant.
370 2210 484 2241 FNO:
510 2221 578 2249 quo
598 2212 669 2250 ipsa
693 2211 734 2241 M
751 2211 808 2240 sed
823 2221 955 2241 erasum
1099 2213 1119 2241 8
1143 2211 1188 2242 At
1205 2223 1220 2241 s
1236 2211 1373 2243 Mallem
1400 2217 1450 2242 ast
1468 2210 1509 2241 M

179 2252 226 2288 (in
245 2254 377 2283 rasnraW
396 2254 453 2284 scd
467 2255 503 2293 <f-
527 2255 573 2284 ad
589 2255 610 2284 i.
634 2256 680 2286 16.
703 2265 739 2293 17
756 2266 762 2284 ε
787 2265 823 2284 as
843 2254 922 2285 OF:
948 2260 1003 2284 aut
1021 2255 1057 2284 N
1151 2266 1172 2294 9
1194 2257 1364 2294 quondam
1375 2256 1508 2286 Ernesti

177 2306 219 2325 20
244 2297 359 2335 idque]
379 2298 410 2327 id
423 2299 511 2336 quod
530 2299 629 2328 Klotz
765 2308 805 2336 27
832 2298 895 2328 iam
911 2298 1029 2328 Orelli:
1056 2300 1087 2329 in
1101 2309 1153 2329 me
1165 2299 1251 2330 codd.
1270 2311 1277 2330 z
1303 2301 1385 2329 mire
1405 2299 1480 2329 Otto
1497 2310 1504 2330 z

176 2339 242 2369 secl.
266 2340 396 2371 Ernesti
527 2343 569 2371 28
593 2353 645 2372 me
671 2352 765 2372 meos
789 2343 873 2372 meis
900 2342 1042 2373 Rosius:
1075 2353 1127 2373 me
1155 2353 1248 2373 meos
1272 2342 1425 2373 ENOP:
1450 2353 1503 2372 me

179 2384 263 2413 meis
287 2382 364 2414 M1:
394 2396 445 2414 mc
473 2395 634 2424 meosque
651 2386 728 2416 Hs:
757 2396 808 2415 me
835 2396 927 2415 meos
953 2396 1005 2415 mc
1030 2397 1057 2417 v.
1075 2397 1123 2417 c.:
1158 2396 1210 2416 me
1236 2397 1394 2425 meosque
1417 2386 1504 2416 meis

177 2426 217 2456 M
234 2429 377 2468 (marg.)
396 2427 601 2469 lVesenbetg:
628 2439 691 2469 me,
712 2439 815 2469 meos,
837 2439 911 2459 mea
929 2429 1104 2460 Lehmann
1121 2429 1187 2460 coll.
1209 2429 1304 2460 Fam.
1326 2431 1369 2460 vi.
1386 2439 1416 2468 3.
1436 2440 1456 2468 4

1528 837 1567 860 10

1528 1487 1566 1509 20
