1817 2832
104 141 183 178 IV.·
196 140 273 177 xvi
622 139 678 175 M.
710 137 878 175 TVLLI
910 135 1217 176 CICERONIS

210 772 235 799 13

214 1693 238 1730 3

252 258 290 290 te
312 251 505 289 Buthroto
526 250 652 287 datae.
712 247 818 286 Scire
844 246 950 285 enim
971 247 1154 285 volebam
1182 245 1459 285 te‘commode
1480 242 1584 281 navi-

250 328 372 365 gasse.
432 315 510 353 Sed
540 315 638 351 haec
664 312 918 362 epistularum
946 310 1165 361 frequentia
1190 324 1272 349 non
1298 318 1378 348 tam
1405 309 1583 348 ubertate

252 394 321 418 sua
353 393 471 429 quarn
504 377 710 417 crebritate
742 376 962 415 delectavit.
1025 377 1098 414 Illa
1129 375 1202 413 fuit
1232 375 1357 425 gravis
1395 382 1434 413 et
1467 375 1584 424 plena

251 458 379 482 rerum
411 457 529 493 quam
561 442 658 480 mihi
689 443 744 480 M.
773 441 947 488 Paccius,
975 442 1119 490 hospes
1149 447 1250 486 tuus,
1276 438 1459 478 reddidit.
1518 438 1583 475 Ad

251 522 339 547 eam
377 507 588 546 rescribam
627 506 741 557 igitur
779 513 817 544 et
862 507 939 544 hoc
977 505 1140 555 quidem
1184 503 1366 554 primurn.
1440 502 1583 540 Paccio

252 573 402 612 ratione
418 581 456 611 et
469 572 596 611 verbis
610 579 648 610 et
664 585 704 610 re
720 570 875 610 ostendi
892 570 988 620 quid
1005 578 1072 608 tua
1087 567 1383 608 commendatio
1399 566 1585 618 ponderis

253 639 425 677 haberet.
487 639 627 687 Itaque
647 636 688 674 in
715 635 863 674 intimis
889 642 948 674 est
975 634 1083 681 meis,
1107 647 1198 672 cum
1224 640 1341 672 antea
1360 639 1478 671 notus
1504 645 1585 670 non

252 702 397 741 fuisset.

309 770 426 806 Nunc
454 781 612 818 pergam
639 767 690 805 ad
720 774 859 804 cetera.
918 767 1055 812 Varro,
1078 766 1128 804 de
1158 778 1238 815 quo
1268 765 1318 803 ad
1343 777 1406 802 me
1436 762 1583 810 scribis,

253 833 475 872 includetur
496 833 535 870 in
556 832 728 882 aliquem
750 833 894 879 locum,
914 830 945 869 si
966 832 1088 870 modo
1109 830 1180 869 erit
1200 832 1321 869 locus.
1383 831 1462 868 Sed
1482 829 1586 868 nosti

251 912 375 948 genus
410 898 656 947 dialogorum
692 910 882 935 meorum.
940 898 995 934 Vt
1033 896 1073 934 in
1108 895 1294 942 oratoriis,
1332 908 1431 945 quos
1465 902 1507 933 tu
1546 895 1586 932 in

252 965 404 1002 caelum
437 964 525 1010 fers,
548 976 628 1000 non
658 961 787 1012 potuit
818 960 968 999 mentio
998 960 1081 999 fieri
1105 960 1339 1010 cuiusquam
1366 960 1417 998 ab
1445 959 1491 998 iis
1519 959 1587 1009 qui

253 1028 465 1079 disputant,
489 1027 563 1065 nisi
584 1026 667 1065 eius
690 1026 757 1076 qui
779 1025 852 1064 illis
874 1034 991 1063 notus
1011 1033 1078 1063 aut
1098 1025 1255 1063 auditus
1277 1032 1388 1071 esset,
1408 1025 1462 1062 ita
1484 1025 1586 1062 hanc

252 1107 325 1144 ego
352 1095 402 1132 de
432 1107 471 1132 re
498 1092 658 1143 publica
682 1106 801 1142 quam
829 1091 978 1129 institui
1008 1090 1316 1140 disputationem
1344 1090 1385 1128 in
1410 1090 1584 1128 Africani

251 1172 460 1210 personam
500 1166 538 1197 et
578 1157 680 1196 Phili
719 1165 757 1196 et
797 1156 905 1196 Laeli
938 1161 976 1194 et
1011 1155 1153 1194 Manili
1191 1155 1351 1194 contuli.
1410 1155 1585 1194 Adiunxi

252 1224 515 1264 adulescentis
539 1225 586 1273 Q.
606 1224 872 1270 Tuberonem,
894 1225 936 1260 P.
954 1222 1160 1269 Rutilium,
1177 1223 1257 1261 duo
1279 1220 1388 1260 Laeli
1407 1235 1584 1272 generos,

253 1291 482 1330 Scaevolam
522 1297 560 1327 et
600 1288 807 1327 Fannium.
868 1290 1009 1338 Itaque
1047 1287 1280 1338 cogitabam,
1318 1286 1507 1337 quoniam
1546 1286 1586 1324 in

253 1354 414 1404 singulis
449 1353 556 1391 libris
595 1361 684 1391 utor
722 1352 962 1403 prohoemiis
994 1359 1036 1390 ut
1071 1351 1302 1390 Aristoteles
1335 1351 1375 1389 in
1409 1351 1455 1390 iis
1486 1364 1586 1401 quos

254 1419 484 1470 ἐξωτερικοὺς
512 1425 637 1464 vocat,
670 1417 820 1467 aliquid
850 1418 1002 1455 efficere
1031 1424 1075 1455 ut
1103 1431 1185 1455 non
1213 1416 1297 1455 sine
1323 1430 1442 1455 causa
1468 1416 1586 1454 istum

253 1487 517 1536 appellarem,
547 1484 587 1522 id
615 1484 724 1534 quod
749 1483 933 1533 intellego
959 1482 1030 1521 tibi
1056 1484 1221 1533 placere.
1280 1483 1443 1521 Vtinam
1464 1484 1586 1521 modo

254 1558 396 1589 conata
430 1550 582 1588 efficere
613 1548 786 1598 possim!
850 1550 953 1586 Rem
988 1548 1105 1596 enim,
1139 1549 1249 1598 quod
1288 1556 1326 1586 te
1364 1561 1445 1586 non
1477 1547 1583 1598 fugit,

256 1629 439 1665 magnam
467 1615 695 1664 complexus
720 1628 806 1651 sum
834 1621 873 1652 et
899 1628 1056 1664 gravem
1076 1621 1114 1652 et
1141 1613 1298 1663 plurimi
1318 1613 1383 1660 oti,
1407 1627 1487 1663 quo
1514 1627 1587 1663 ego

258 1679 425 1717 maxime
459 1692 567 1728 egeo.
628 1679 749 1726 Quod
780 1678 820 1716 in
855 1678 901 1716 iis
933 1678 1039 1716 libris
1071 1691 1171 1728 quos
1203 1679 1339 1716 laudas
1377 1692 1586 1728 personam

255 1743 455 1783 desideras
476 1744 698 1789 Scaevolae,
722 1756 803 1780 non
828 1756 915 1781 eam
944 1751 1090 1781 temere
1117 1743 1267 1781 dimovi
1292 1744 1361 1781 sed
1381 1742 1455 1781 feci
1480 1743 1585 1782 idem

252 1811 355 1859 quod
380 1809 420 1847 in
446 1810 615 1859 πολιτείᾳ
641 1810 738 1846 deus
765 1808 829 1846 ille
859 1816 991 1847 noster
1021 1810 1144 1847 Plato.
1204 1809 1307 1847 Cum
1335 1808 1375 1846 in
1406 1808 1585 1847 Piraeum
1629 1823 1644 1855 g

254 1876 432 1913 Socrates
471 1874 641 1912 venisset
679 1875 730 1911 ad
771 1875 1004 1924 Cephalum,
1046 1874 1285 1924 locupletem
1327 1881 1366 1912 et
1404 1873 1586 1912 festivum

254 1954 400 1986 senem,
433 1940 565 1989 quoad
597 1939 746 1989 primus
776 1938 840 1977 ille
871 1952 999 1977 sermo
1032 1939 1208 1985 habetur,
1241 1940 1353 1977 adest
1388 1938 1428 1976 in
1458 1939 1588 1989 dispu-

255 2006 376 2044 tando
401 2018 529 2050 senex,
553 2004 698 2042 deinde
724 2018 814 2042 cum
840 2004 922 2054 ipse
950 2018 1109 2054 quoque
1137 2003 1459 2043 commodissime
1483 2006 1588 2043 locu-

255 2078 317 2108 tus
346 2077 459 2117 esset,
491 2071 542 2108 ad
577 2083 658 2107 rem
690 2068 864 2107 divinam
894 2068 991 2108 dicit
1020 2082 1061 2107 se
1090 2070 1190 2107 velle
1221 2069 1423 2107 discedere
1457 2082 1587 2119 neque

302 2184 314 2204 1
344 2174 508 2204 Buthroto
527 2173 620 2204 Man.
641 2184 646 2203 z
673 2173 772 2204 bruto
789 2170 832 2202 M
978 2181 998 2210 3
1024 2172 1202 2203 crebritate
1220 2172 1337 2203 Lamb.
1356 2183 1363 2202 :
1388 2172 1586 2203 celebritate

258 2217 339 2248 CM¹
358 2229 364 2248 :
389 2217 561 2248 celeritate
580 2216 632 2246 ln:
778 2218 798 2246 6
823 2215 952 2246 ratione
972 2227 1035 2246 om.
1056 2216 1088 2246 E
1103 2217 1189 2257 vulg.
1206 2229 1212 2247 ι
1238 2221 1271 2246 et
1291 2216 1445 2246 oratione
1468 2216 1589 2255 {vrrcll

255 2267 289 2292 et
305 2262 416 2292 verbis
432 2272 499 2291 om.
524 2261 646 2300 sywell
800 2269 838 2288 12
863 2260 971 2298 potuit
996 2260 1120 2290 mentio
1147 2263 1171 2291 Σ
1195 2262 1335 2299 (praeter
1355 2259 1435 2298 H):
1460 2261 1586 2290 mentio

256 2306 363 2344 potuit
381 2310 409 2335 Δ
556 2314 594 2342 13
619 2305 663 2333 ita
680 2302 755 2333 add.
781 2302 970 2341 lVesenbm'g
1113 2313 1149 2342 15
1176 2308 1209 2333 et
1225 2302 1302 2333 add.
1321 2303 1406 2342 vulg.
1547 2303 1585 2333 18

254 2349 461 2387 prohoemiis
479 2347 566 2378 codd.
586 2348 637 2386 ff,
659 2347 816 2376 michele»
829 2351 879 2385 ap.
901 2345 1120 2384 Fm'cdldnder,
1140 2346 1212 2376 Iuv.
1233 2347 1276 2377 iii.
1291 2347 1376 2376 288:
1402 2346 1584 2385 prooemiis

253 2391 340 2431 vulg.
434 2401 475 2429 24
499 2391 558 2420 sed
578 2391 640 2421 feci
660 2391 758 2429 idem,
778 2389 868 2429 quod
885 2389 1005 2419 Klotz:
1029 2389 1090 2419 sed
1108 2388 1187 2419 fecit
1209 2389 1297 2420 idem
1314 2388 1371 2418 M2
1388 2399 1395 2419 ε
1419 2390 1509 2420 idem
1527 2387 1582 2419 Μ1

1608 844 1647 866 10

1608 1170 1644 1202 Ι5

1607 1497 1646 1520 20
