1817 2832
188 111 304 148 VIII.
329 110 375 147 iii
641 110 701 146 Mg
730 108 899 145 TVLLI
932 106 1240 146 CICERONIS

308 222 349 257 P.
374 219 518 259 Clodio
543 233 678 269 augur,
698 217 762 256 ille
789 216 1020 256 restituendi
1041 216 1119 255 mei
1139 230 1259 266 quam
1279 215 1472 255 retinendi
1493 216 1639 256 studio-

306 285 394 332 sior,
426 284 489 322 ille
523 282 746 333 provinciae
785 289 1029 332 propagator,
1063 281 1128 320 ille
1165 281 1340 319 absentis
1379 281 1418 319 in
1452 282 1638 320 omnibus

305 350 471 396 adiutor,
486 349 592 387 idern
614 348 731 386 etiam
749 347 862 386 tertio
882 348 1104 393 consulatu,
1118 354 1329 396 postquam
1350 359 1435 384 esse
1456 348 1640 384 defensor

306 415 359 453 rei
389 414 571 465 publicae
601 413 746 463 coepit,
767 412 973 451 contendit
1003 419 1044 449 ut
1074 413 1214 450 decem
1244 410 1390 448 tribuni
1420 412 1470 461 pl.
1497 412 1640 449 ferrent

306 488 348 518 ut
382 479 555 518 absentis
594 478 692 516 ratio
730 478 950 524 haberetur,
982 478 1091 527 quod
1129 476 1235 514 idem
1275 475 1359 526 ipse
1396 475 1522 513 sanxit
1556 477 1640 526 lege
1664 485 1675 492 ”

306 547 475 596 quadam
506 558 585 590 sua,
611 546 830 593 Marcoque
852 544 1043 580 Marcello
1069 541 1221 580 consuli
1247 540 1397 578 finienti
1418 540 1640 590 provincias

308 610 454 649 Gallias
490 610 761 647 Kalendarum
798 608 1029 646 Martiarum
1069 606 1134 645 die
1172 606 1437 644 restitit—-sed
1469 613 1511 643 ut
1543 607 1640 644 haee

306 675 498 721 omittam,
522 674 618 724 quid
648 673 812 720 foedius,
840 672 936 723 quid
966 671 1228 722 perturbatius
1257 672 1334 709 hoc
1362 670 1414 709 ab
1443 671 1540 708 urbe
1566 670 1640 709 dis-

307 754 420 779 cessu
459 740 540 778 sive
582 739 714 789 potius
753 737 976 788 turpissima
1018 738 1137 787 fuga?
1190 737 1303 785 Quae
1341 735 1526 774 condicio
1559 749 1641 774 non

309 805 540 860 accipienda
578 804 650 842 fuit
683 804 813 854 potius
852 817 970 853 quam
1011 802 1269 852 relinquenda
1306 800 1461 850 patria?
1510 802 1641 839 Malae

265 881 291 918 4
311 870 567 910 condiciones
601 877 720 916 erant,
754 870 886 915 fateor,
920 869 989 906 sed
1028 881 1123 905 num
1163 866 1259 917 quid
1291 867 1367 904 hoc
1398 866 1541 916 peius?
1589 867 1641 903 At

310 935 542 986 reciperabit
580 949 662 973 rem
701 934 912 984 publicam.
982 933 1186 981 Quando?
1224 939 1291 969 aut
1330 930 1426 981 quid
1464 932 1515 969 ad
1554 944 1641 968 eam

309 1015 419 1052 spem
455 1008 513 1039 est
542 999 695 1050 parati?
743 1001 836 1037 Non
870 1012 960 1048 ager
991 997 1160 1035 Picenus
1193 996 1390 1034 amissus?
1428 1009 1508 1034 non
1538 1002 1642 1045 pate-

308 1069 455 1105 factum
486 1066 557 1104 iter
586 1067 638 1103 ad
670 1065 841 1103 urbem?
879 1078 959 1102 non
990 1062 1158 1113 pecunia
1189 1062 1319 1100 omnis
1349 1069 1387 1100 et
1415 1060 1572 1111 publica
1603 1068 1642 1099 et

309 1132 456 1182 privata
494 1129 716 1169 adversario
755 1128 924 1167 tradita?
978 1127 1162 1177 Denique
1201 1128 1308 1164 nulla
1346 1140 1474 1172 causa,
1511 1127 1641 1163 nullae
1684 1138 1698 1168 ς

308 1198 418 1244 vires,
450 1199 558 1234 nulla
592 1197 705 1234 sedes
740 1208 820 1244 quo
858 1200 1093 1232 concurrant
1125 1192 1192 1242 qui
1226 1206 1308 1230 rem
1343 1191 1543 1242 publicam
1579 1192 1643 1229 de-

308 1265 459 1302 fensam
476 1261 607 1300 velint.
662 1260 807 1310 Apulia
827 1261 980 1298 delecta
1001 1266 1069 1305 est,
1088 1257 1317 1296 inanissima
1337 1271 1424 1308 pars
1447 1256 1584 1295 Italiae
1604 1264 1643 1295 et

309 1329 359 1367 ab
380 1328 529 1378 impetu
551 1327 666 1364 huius
688 1325 779 1363 belli
801 1324 1086 1370 remotissima3
1120 1324 1211 1373 fuga
1231 1330 1269 1361 et
1290 1322 1484 1360 maritima
1505 1335 1643 1372 oppor-

311 1393 456 1432 tunitas
482 1392 564 1429 visa
584 1390 717 1441 quaeri
738 1388 1022 1440 desperatione.
1084 1388 1213 1426 Invite
1239 1387 1326 1437 cepi
1348 1388 1537 1437 Capuam,
1561 1399 1643 1424 non

310 1471 391 1509 quo
415 1471 559 1496 munus
585 1457 682 1495 illud
709 1457 946 1505 defugerem,
971 1455 1040 1493 sed
1068 1454 1107 1492 in
1134 1468 1180 1492 ea
1206 1467 1324 1492 causa
1350 1452 1389 1490 in
1411 1466 1489 1502 qua
1512 1453 1642 1490 nullus

309 1532 411 1563 esset
441 1523 635 1568 ordinum,
666 1523 795 1559 nullus
825 1528 980 1571 apertus
1015 1519 1254 1570 privatorum
1289 1520 1415 1565 dolor,
1445 1518 1641 1556 bonorum

309 1597 441 1628 autem
471 1595 574 1626 esset
602 1586 742 1636 aliquis
777 1587 847 1624 sed
876 1586 1010 1631 hebes,
1034 1593 1076 1622 ut
1108 1587 1216 1631 solet,
1249 1591 1301 1631 et,
1330 1591 1373 1621 ut
1407 1583 1490 1632 ipse
1525 1581 1639 1627 sensi,

310 1662 412 1693 esset
444 1652 657 1691 multitudo
695 1659 733 1689 et
767 1651 926 1688 infimus
958 1650 1126 1700 quisque
1159 1662 1378 1699 propensus
1410 1647 1449 1685 in
1480 1648 1642 1685 alteram

268 1733 293 1770 5
312 1728 473 1770 partem,
500 1716 612 1755 multi
647 1715 874 1754 mutationis
906 1729 1034 1754 rerum
1064 1714 1211 1764 cupidi,
1239 1713 1318 1752 dixi
1349 1712 1422 1763 ipsi
1453 1726 1515 1750 me
1545 1711 1642 1749 nihil

311 1792 583 1834 suscepturum
611 1781 695 1820 sine
719 1781 916 1832 praesidio
941 1789 979 1819 et
1004 1780 1088 1818 sine
1114 1779 1293 1830 pecunia.
1354 1780 1494 1828 Itaque
1521 1777 1641 1816 habui
1664 1789 1700 1820 a:

309 1850 405 1888 nihil
426 1848 592 1888 omnino
619 1846 764 1897 negoti,
786 1847 894 1896 quod
914 1846 964 1884 ab
986 1845 1098 1883 initio
1119 1844 1198 1883 vidi
1220 1844 1316 1882 nihil
1338 1843 1470 1893 quaeri
1492 1850 1642 1894 praeter

308 1917 451 1965 fugam.
517 1915 617 1951 Eam
651 1912 683 1950 si
718 1926 824 1950 nunc
863 1924 1017 1961 sequor,
1047 1911 1253 1960 quonam?
1302 1910 1405 1948 Cum
1435 1908 1502 1946 illo
1537 1922 1642 1955 non;

351 2029 370 2048 2
396 2021 597 2057 prorogator
620 2015 684 2046 cod.
707 2015 908 2055 flIaffi'imms
1024 2017 1098 2053 post
1121 2013 1277 2043 omnibus
1301 2011 1375 2042 add.
1397 2012 1496 2042 rebus
1517 2010 1642 2041 l'Vesen-

307 2063 383 2102 berg
490 2073 510 2100 9
536 2060 729 2099 turpissima
754 2059 832 2097 fuga
858 2058 934 2088 M2:
959 2058 1254 2098 turpissimamque
1272 2067 1343 2086 sum
1363 2056 1439 2093 suga
1464 2054 1547 2085 M1:
1572 2060 1641 2085 tur-

309 2107 446 2146 pissima
465 2104 669 2143 nequissima
690 2103 766 2141 fuga
791 2100 970 2139 llofnmnn
1077 2112 1113 2139 19
1141 2101 1249 2130 Invite
1267 2101 1340 2138 cepi
1365 2098 1510 2129 EO‘2M2s
1527 2099 1639 2129 Rom:

310 2152 380 2180 inte
406 2149 478 2187 cepi
500 2147 657 2177 0¹RM¹z
685 2147 761 2177 Non
787 2147 899 2184 recepi
917 2144 1093 2184 I-lofmamz
1112 2143 1288 2173 Lelmnum
1304 2155 1310 2173 :
1337 2143 1443 2173 Lente
1461 2143 1534 2180 cepi
1553 2141 1641 2172 Msil-

311 2195 357 2224 ler
370 2204 408 2224 ex
424 2193 500 2222 coni.
522 2192 623 2222 Orelli
752 2201 794 2220 20
818 2190 852 2219 in
871 2200 910 2219 ea
928 2199 1029 2219 causa
1048 2188 1165 2218 Lamb.
1185 2198 1192 2217 z
1216 2188 1288 2217 sine
1307 2197 1407 2216 causa
1425 2186 1512 2216 codd.
1532 2197 1538 2215 :
1558 2196 1640 2215 sane

313 2247 447 2267 causam
474 2234 673 2274 Hfimmn:
709 2234 866 2263 diffidens
894 2243 1016 2263 causae
1043 2231 1163 2262 Miiller
1292 2241 1342 2266 22,
1359 2241 1400 2269 23
1426 2229 1527 2268 sensi,
1549 2234 1640 2259 esset

314 2281 434 2311 Orflli:
466 2278 650 2309 sensissem
675 2277 761 2307 codd.
794 2278 911 2307 Totum
939 2276 1046 2305 locum
1077 2276 1121 2305 ita
1152 2274 1210 2304 dat
1238 2273 1388 2304 Schnn'dt
1427 2273 1533 2303 Invite
1565 2273 1640 2311 cepi

312 2327 458 2363 Capuam
488 2333 556 2352 non
582 2332 651 2361 quo
680 2331 800 2350 munus
827 2320 906 2350 illud
925 2320 1134 2358 defugerem,
1153 2319 1212 2348 sed
1232 2318 1323 2356 pacis
1340 2328 1440 2347 causa
1457 2340 1464 2347 .
1484 2340 1491 2347 .
1512 2340 1519 2347 .
1539 2316 1637 2347 solet.

312 2368 379 2399 Sed
398 2372 433 2397 ut
451 2368 525 2405 ipse
541 2366 633 2396 sensi
651 2375 749 2404 quam
767 2368 858 2394 esset
876 2363 1054 2394 multitudo
1071 2386 1078 2393 .
1099 2387 1106 2394 .
1126 2386 1132 2393 .
1155 2367 1297 2401 partem,
1316 2371 1413 2400 quam
1432 2360 1525 2391 multi
