1790 2837
73 111 127 149 II.
145 110 192 147 ix
555 109 610 147 M.
643 108 812 146 TVLLI
843 107 1149 165 CICERONIS

225 216 293 251 IX
511 217 580 250 scr.
596 217 686 249 Anti
700 217 804 249 medio
821 228 866 250 m.
884 216 967 257 Apr.
990 227 1019 248 a.
1041 217 1080 258 69
1080 228 1095 256 j
1118 225 1126 255 g
1129 215 1196 258 59).

594 304 771 336 CICERO
803 303 975 335 Arrrco
1007 303 1107 335 SAL.
1206 284 1208 286 ’

146 404 163 430 1
237 395 377 435 Subito
408 407 500 433 cum
531 393 629 431 mihi
656 392 816 432 dixisset
845 391 1040 432 Caecilius
1070 399 1254 442 quaestor
1282 405 1446 441 puerum
1475 405 1515 430 se

184 463 357 500 Romam
385 460 552 507 mittere,
573 460 671 497 haec
698 457 833 508 scripsi
859 457 1014 507 raptim,
1034 464 1077 495 ut
1104 464 1193 495 tuos
1221 458 1385 494 elicerem
1416 456 1517 494 miri—

182 528 279 565 ficos
299 539 391 564 cum
413 524 555 563 Publio
582 523 771 573 dialogos,
794 536 885 560 cum
913 535 981 560 eos
1012 522 1063 560 de
1087 521 1231 571 quibus
1262 521 1407 568 scribis,
1431 528 1515 559 tum
1536 531 1552 560 5

181 592 292 630 illum
310 604 429 640 quem
445 589 559 628 abdis
580 597 618 628 et
638 589 694 627 ais
715 591 876 639 longum
903 601 988 626 esse
1010 601 1110 637 quae
1132 588 1182 625 ad
1203 600 1249 625 ea
1268 585 1516 635 responderis

181 656 421 706 perscribere
436 669 445 703 3
475 654 586 692 illum
606 667 698 692 vero
724 653 791 703 qui
821 654 1002 691 nondum
1029 651 1187 689 habitus
1212 658 1280 697 est,
1304 664 1423 700 quem
1452 649 1517 688 illa

182 724 335 773 βοῶπις,
359 734 449 759 cum
477 733 498 758 e
526 718 689 758 Solonio
709 717 877 764 redierit,
899 718 951 755 ad
978 724 1016 755 te
1042 724 1100 754 est
1124 718 1300 762 relatura,
1325 715 1380 753 sic
1399 714 1516 753 velim

182 794 307 838 putes,
331 785 428 823 nihil
455 786 531 822 hoc
561 797 677 833 posse
707 782 803 820 mihi
833 795 918 820 esse
945 780 1165 820 iucundius.
1225 780 1266 818 Si
1295 793 1386 818 vero
1416 792 1517 829 quae

184 853 236 891 de
267 864 329 889 me
353 857 469 900 pacta
495 856 586 887 sunt
613 862 659 887 ea
686 861 767 886 non
795 853 1005 892 servantur,
1029 845 1069 884 in
1093 847 1203 884 caelo
1230 858 1329 891 sum,
1352 851 1394 882 ut
1422 843 1518 882 sciat
1540 856 1578 877 10

185 916 250 954 hic
289 922 421 953 noster
460 911 821 962 Hierosolymarius
860 912 1061 949 traductor
1104 911 1157 948 ad
1200 910 1359 959 plebem
1398 921 1517 958 quam

184 982 333 1020 bonam
354 979 451 1018 meis
472 978 688 1029 putissimis
709 976 954 1016 orationibus
969 975 1132 1026 gratiam
1153 974 1353 1013 rettulerit.
1414 974 1518 1022 Qua-

185 1059 271 1084 rum
302 1051 485 1094 exspecta
515 1043 690 1082 divinam
720 1042 955 1093 παλινῳδίαν.
1015 1040 1174 1079 Etenim
1206 1047 1398 1089 quantum
1428 1051 1518 1076 con-

185 1113 333 1151 iectura
361 1123 607 1160 auguramur,
631 1108 662 1146 si
692 1108 763 1147 erit
792 1108 939 1146 nebulo
969 1106 1041 1144 iste
1070 1119 1160 1144 cum
1190 1105 1250 1143 his
1280 1103 1454 1154 dynastis
1479 1103 1518 1141 in

185 1177 319 1227 gratia,
335 1190 416 1214 non
432 1169 560 1214 *modo
581 1175 631 1213 de
651 1173 791 1223 cynico
805 1171 1000 1212 consulari
1021 1173 1091 1210 sed
1111 1184 1161 1209 ne
1182 1172 1231 1209 de
1252 1170 1334 1208 istis
1355 1169 1517 1220 quidem
1541 1183 1576 1212 ¹5

186 1242 427 1294 piscinarum
448 1239 679 1278 Tritonibus
700 1238 843 1289 poterit
864 1252 905 1277 se
925 1238 1079 1276 iactare.
1139 1238 1232 1274 Non
1253 1235 1359 1274 enim
1380 1234 1520 1285 poteri-

186 1321 274 1345 mus
309 1307 388 1344 ulla
419 1318 504 1344 esse
536 1303 684 1342 invidia
715 1302 870 1353 spoliati
903 1302 1045 1352 opibus
1073 1308 1111 1339 et
1137 1301 1203 1338 illa
1231 1299 1426 1338 senatoria
1454 1312 1521 1350 po-

187 1372 319 1411 tentia.
378 1370 446 1410 Sin
475 1377 608 1408 autem
637 1369 689 1407 ab
718 1368 764 1406 iis
794 1367 1008 1414 dissentiet,
1031 1366 1102 1405 erit
1135 1366 1350 1404 absurdum
1380 1364 1420 1402 in
1448 1377 1521 1402 nos

187 1437 329 1475 invehi.
388 1438 537 1474 Verum
568 1442 700 1472 tamen
730 1433 946 1472 invehatur.
1006 1431 1171 1478 Festive,
1201 1430 1297 1468 mihi
1326 1432 1456 1478 crede,
1483 1438 1521 1469 et

187 1502 340 1540 minore
370 1500 501 1539 sonitu
531 1513 649 1550 quam
681 1506 872 1549 putaram,
901 1497 1005 1537 orbis
1037 1497 1101 1535 hic
1132 1496 1172 1534 in
1203 1510 1244 1535 re
1272 1496 1431 1546 publica
1462 1503 1519 1534 est
1541 1508 1580 1529 20

187 1580 398 1606 conversus
415 1565 530 1603 citius
546 1563 711 1602 omnino
727 1577 846 1613 quam
863 1562 991 1612 potuit
1006 1575 1015 1609 3
1045 1561 1110 1602 †id
1131 1562 1246 1611 culpa
1260 1560 1434 1607 Catonis,
1451 1561 1520 1598 sed

187 1646 317 1671 rursus
338 1630 590 1681 improbitate
617 1629 780 1667 istorum
808 1628 875 1678 qui
901 1627 1086 1677 auspicia,
1109 1626 1177 1676 qui
1201 1626 1355 1664 Aeliam
1380 1627 1517 1675 legem,

187 1697 254 1748 qui
277 1697 432 1735 Iuniam
458 1702 495 1734 et
521 1694 726 1741 Liciniam,
749 1693 816 1743 qui
844 1693 1057 1733 Caeciliam
1088 1700 1126 1730 et
1155 1691 1315 1730 Didiam
1346 1693 1522 1741 neglexe-

188 1770 289 1810 runt,
313 1762 379 1812 qui
407 1760 542 1799 omnia
567 1759 742 1798 remedia
765 1758 819 1797 rei
846 1758 1029 1808 publicae
1049 1758 1283 1803 effuderunt,
1307 1755 1373 1806 qui
1403 1769 1521 1805 regna

189 1828 257 1879 qui
286 1827 447 1879 praedia
475 1824 689 1871 tetrarchis,
712 1824 779 1874 qui
809 1823 992 1862 immanis
1022 1821 1209 1872 pecunias
1239 1820 1374 1871 paucis
1403 1822 1521 1859 dede-
1541 1832 1579 1863 25

144 1910 169 1938 2
189 1901 288 1932 runt.
348 1892 478 1930 Video
498 1890 576 1928 iam
598 1903 678 1940 quo
698 1888 846 1927 invidia
865 1895 1036 1926 transeat
1063 1894 1101 1925 et
1125 1886 1194 1925 ubi
1218 1886 1266 1924 sit
1286 1885 1518 1923 habitatura.

191 1958 301 1998 Nihil
342 1971 406 1995 me
449 1955 679 1995 existimaris
719 1968 849 2004 neque
895 1967 968 1991 usu
1010 1966 1140 2002 neque
1180 1965 1203 1989 a
1244 1952 1521 2000 Theophrasto

189 2023 384 2069 didicisse,
408 2020 482 2059 nisi
511 2020 618 2059 brevi
641 2028 817 2070 tempore
847 2018 1058 2057 desiderari
1088 2024 1220 2055 nostra
1251 2016 1316 2054 illa
1345 2023 1522 2065 tempora

233 2136 253 2166 3
278 2125 415 2165 Subito]
446 2123 614 2155 S.V.B.E.
642 2122 794 2153 Muretus
941 2132 960 2159 4
985 2120 1142 2150 elicerem
1168 2117 1242 2149 add.
1267 2119 1365 2149 Rom.
1500 2117 1522 2147 6

190 2169 341 2203 abdisM
365 2168 529 2210 (marg.):
554 2167 648 2197 addis
677 2166 718 2196 M
904 2175 942 2195 12
982 2163 1204 2203 putidissimis
1241 2162 1411 2192 Turnebus
1440 2160 1526 2191 Reid

194 2225 231 2253 17
256 2216 290 2245 in
314 2213 439 2244 invidia
463 2212 484 2242 I
505 2212 613 2242 CraL:
654 2221 719 2240 0171.
749 2210 783 2239 in
808 2209 850 2238 M
870 2212 955 2246 recle,
981 2208 1018 2246 cf
1038 2207 1109 2237 Att.
1138 2217 1167 2237 v.
1194 2217 1239 2244 14.
1268 2216 1298 2245 27
1327 2205 1407 2245 Rep.
1431 2205 1473 2236 vi.
1501 2215 1521 2235 2

190 2269 229 2289 21
256 2257 383 2297 potuit]
414 2255 563 2295 oportuit
587 2253 720 2284 Ernesti
739 2263 778 2283 ex
799 2251 865 2282 cod.
888 2250 1037 2290 quodam
1171 2250 1271 2289 idque
1295 2249 1373 2279 com'.
1397 2248 1520 2279 Wesen-

190 2304 265 2341 [mg
397 2310 436 2329 22
462 2298 593 2338 rursus]
615 2307 752 2328 eversus
769 2296 820 2326 Fr.
837 2295 1006 2326 Schmidt:
1033 2303 1215 2325 conversus
1237 2292 1359 2323 Vahlen
1478 2301 1519 2330 25

190 2345 262 2386 qui]
288 2344 342 2384 qui
369 2355 400 2383 p.
422 2353 446 2373 r.
468 2341 642 2384 (zpopnli
662 2339 825 2378 Romani)
844 2338 996 2369 Ernesti:
1031 2338 1124 2377 quasi
1145 2337 1245 2367 Klotz
1478 2336 1520 2365 28

190 2390 255 2420 nisi
272 2389 311 2419 I:
335 2388 362 2419 si
381 2386 422 2417 M
