1817 2832
182 136 252 175 IV.
274 135 320 172 iii
628 133 684 170 M.
716 131 885 169 TVLLI
916 129 1225 170 CICERONIS

259 244 478 285 Damionis.
540 241 620 292 Qui
644 249 754 281 erant
781 254 939 279 mecum
958 239 1074 279 facile
1094 254 1232 291 operas
1251 240 1361 280 aditu
1381 239 1591 292 prohibue-

258 318 359 349 runt.
421 311 512 358 Ipse
544 307 673 346 occidi
711 306 852 356 potuit,
884 307 954 344 sed
989 320 1063 356 ego
1094 306 1225 344 diaeta
1261 319 1395 344 curare
1429 305 1587 355 incipio,

258 374 474 423 chirurgiae
503 373 645 411 taedet.
717 373 790 410 Ille
822 371 1001 409 omnium
1033 370 1198 409 vocibus
1230 384 1320 408 cum
1353 385 1395 409 se
1426 385 1507 409 non
1540 371 1592 408 ad

258 440 449 479 iudicium
479 440 549 477 sed
578 439 630 476 ad
660 437 897 488 supplicium
929 450 1115 487 praesens
1143 436 1246 475 trudi
1274 436 1434 484 videret,
1463 436 1592 474 omnis

259 505 448 545 Catilinas
468 504 661 543 Acidinos
689 512 828 554 postea
855 502 1038 541 reddidit.
1097 503 1202 540 Nam
1231 501 1394 540 Milonis
1415 503 1590 548 domum,
1613 518 1630 550 5

260 584 348 609 eam
369 583 470 620 quae
497 575 552 607 est
576 570 618 607 in
646 570 841 615 Cermalo,
865 582 920 618 pr.
945 569 1043 605 Idus
1071 567 1286 605 Novembr.
1312 580 1533 616 expugnare
1556 574 1594 604 et

259 636 471 674 incendere
500 634 553 672 ita
579 642 746 672 conatus
775 641 835 672 est
864 641 907 671 ut
931 635 1062 685 palam
1089 633 1187 671 hora
1207 631 1344 682 quinta
1363 645 1455 670 cum
1475 630 1594 669 scutis

261 700 442 739 homines
467 699 620 738 eductis
647 698 799 749 gladiis,
829 698 928 737 alios
957 712 1048 736 cum
1081 697 1259 736 accensis
1288 696 1439 735 facibus
1472 697 1595 734 addu-

260 766 366 804 xerit.
428 766 519 815 Ipse
544 766 709 802 domum
738 766 779 802 P.
803 765 935 802 Sullae
960 776 1032 813 pro
1063 762 1198 801 castris
1229 761 1304 800 sibi
1329 763 1381 800 ad
1410 775 1497 800 earn
1527 760 1595 798 im-

261 829 543 880 pugnationem
574 835 805 878 sumpserat.
864 829 970 865 Tum
991 841 1038 866 ex
1061 827 1248 865 Anniana
1278 826 1442 865 Milonis
1471 827 1594 864 domo

262 896 310 944 Q.
347 896 510 932 Flaccus
542 893 676 932 eduxit
710 892 814 931 viros
847 892 970 940 acris,
1011 892 1158 930 occidit
1192 891 1374 930 homines
1406 905 1453 929 ex
1486 890 1596 929 omni

260 959 467 998 latrocinio
488 958 686 998 Clodiano
705 957 945 1006 notissimos,
967 957 1095 1008 ipsum
1118 957 1275 1008 cupivit,
1299 959 1369 996 sed
1398 957 1461 995 ille
1489 970 1530 994 se
1556 956 1597 994 in

263 1025 447 1063 interiora
483 1024 642 1062 aedium
683 1025 825 1062 Sullae.
898 1023 1000 1061 Exin
1044 1031 1202 1061 senatus
1250 1021 1439 1073 postridie
1487 1023 1594 1059 Idus.

264 1090 387 1129 Domi
417 1089 592 1129 Clodius
654 1089 842 1139 Egregius
873 1089 1139 1136 Marcellinus,
1169 1102 1308 1131 omnes
1336 1101 1454 1125 acres.
1514 1088 1600 1124 Me-

263 1158 378 1195 tellus
413 1154 611 1193 calumnia
642 1154 802 1193 dicendi
836 1162 994 1204 tempus
1028 1153 1172 1192 exemit
1206 1153 1418 1191 adiuvante
1452 1152 1594 1202 Appio,

264 1221 382 1260 etiam
404 1221 563 1258 hercule
583 1218 761 1257 familiari
788 1226 869 1266 tuo,
892 1219 943 1257 de
970 1218 1082 1256 cuius
1107 1217 1328 1256 constantia
1351 1217 1492 1255 virtute
1513 1222 1599 1254 tuae

264 1285 490 1325 verissimae
518 1285 679 1323 litterae.
740 1284 889 1323 Sestius
910 1286 1046 1322 furere.
1110 1285 1183 1322 Ille
1210 1291 1358 1333 postea,
1381 1282 1412 1321 si
1440 1281 1598 1320 comitia

265 1365 337 1391 sua
367 1365 448 1390 non
483 1352 632 1398 fierent,
667 1349 755 1388 urbi
789 1349 939 1388 minari.
1000 1351 1105 1387 Milo
1137 1348 1339 1399 proposita
1378 1346 1600 1386 Marcellini

265 1416 470 1464 sententia,
493 1429 612 1466 quam
633 1415 697 1454 ille
718 1417 768 1454 de
788 1415 935 1465 scripto
959 1414 1015 1453 ita
1039 1414 1188 1454 dixerat
1209 1422 1251 1453 ut
1272 1422 1395 1452 totam
1425 1420 1599 1451 nostram

265 1497 426 1522 causam
455 1496 578 1529 areae,
610 1481 896 1528 incendiorum,
930 1480 1093 1532 periculi
1133 1480 1211 1520 mei
1249 1480 1397 1519 iudicio
1430 1480 1601 1529 comple-

269 1556 436 1588 cteretur
467 1561 591 1598 eaque
615 1547 749 1586 omnia
773 1547 942 1585 comitiis
972 1548 1191 1594 anteferret,
1213 1545 1439 1596 proscripsit
1466 1558 1507 1583 se
1532 1557 1602 1594 per

225 1613 399 1660 4omnis
438 1612 521 1652 dies
561 1611 769 1650 comitialis
807 1613 858 1650 de
903 1613 1014 1650 caelo
1055 1619 1308 1650 servaturum.
1383 1610 1601 1650 Contiones

270 1679 519 1718 turbulentae
555 1676 718 1724 Metelli,
751 1676 979 1715 temerariae
1009 1676 1126 1727 Appi,
1159 1676 1439 1715 furiosissimae
1471 1675 1598 1713 Publi.

269 1747 384 1783 Haec
424 1752 556 1782 tamen
595 1757 762 1791 summa,
801 1743 876 1781 nisi
916 1743 1017 1782 Milo
1054 1743 1094 1781 in
1134 1756 1276 1793 campo
1315 1742 1598 1788 obnuntiasset,

268 1808 428 1848 comitia
457 1810 596 1846 futura.
657 1810 763 1846 Ante
788 1807 893 1846 diem
922 1820 983 1846 XII
1016 1809 1104 1846 Kal.
1136 1808 1345 1856 Decembr,
1380 1807 1481 1845 Milo
1509 1815 1600 1845 ante

268 1874 441 1912 mediam
489 1881 648 1912 noctem
688 1886 779 1911 cum
820 1886 962 1923 magna
1001 1886 1121 1911 manu
1169 1872 1207 1910 in
1257 1886 1442 1922 campum
1482 1872 1598 1910 venit.

269 1939 435 1979 Clodius
465 1953 555 1977 curn
585 1939 748 1977 haberet
778 1938 1029 1988 fugitivorum
1059 1939 1232 1977 delectas
1265 1938 1408 1988 copias,
1432 1937 1471 1975 in
1502 1951 1604 1975 cam-

314 2053 333 2072 2
358 2053 475 2073 curare
494 2042 605 2074 Cobet:
634 2042 741 2073 curari
760 2041 802 2072 M
924 2054 943 2082 4
968 2043 1055 2073 trudi
1073 2042 1115 2072 I:
1139 2042 1244 2072 videri
1265 2041 1315 2072 M¹
1336 2053 1342 2071 2
1367 2041 1533 2072 reservari
1547 2040 1601 2070 M²

269 2088 290 2117 6
314 2096 387 2116 eam
404 2097 491 2125 quae
510 2091 561 2116 est
579 2087 610 2116 in
631 2087 787 2116 Cermalo
811 2086 979 2117 Turnebus
996 2098 1003 2117 t
1027 2096 1204 2125 meamque
1222 2086 1366 2116 ceramio
1384 2085 1425 2114 M
1565 2096 1603 2116 12

270 2140 307 2160 se
337 2130 368 2159 in
397 2130 556 2160 interiora
586 2129 705 2160 Orelli:
739 2140 781 2159 ex
805 2130 997 2160 interiorem
1026 2128 1089 2159 M:
1122 2140 1158 2159 se
1188 2130 1221 2159 in
1248 2129 1442 2159 interiorem
1471 2133 1602 2168 partem

270 2173 393 2203 Mzt'ller
540 2174 579 2202 16
602 2172 741 2211 virtute]
759 2177 791 2202 et
809 2173 931 2203 virtute
951 2173 1110 2210 velnsort.
1131 2176 1223 2204 raecle:
1257 2173 1319 2203 viri
1338 2177 1415 2202 tuae
1433 2172 1602 2202 Faernus:

271 2222 411 2246 nutante
429 2216 665 2256 Pantagathus
681 2228 688 2246 t
712 2216 799 2246 vitae
818 2222 896 2247 tuae
914 2216 995 2246 Ant.
1090 2221 1166 2246 tuac
1181 2216 1250 2246 add
1280 2217 1437 2247 Graevius
1566 2216 1603 2245 18

272 2260 352 2290 Milo
381 2259 456 2290 add.
493 2258 680 2299 lVesenbetg
870 2270 907 2290 21
938 2261 1015 2296 sori.
1044 2264 1118 2299 post
1148 2260 1333 2290 anteferret
1365 2258 1503 2290 addend.
1541 2258 1603 2288 nisi

271 2303 456 2334 anteferret
543 2307 615 2343 post
634 2303 833 2342 proscripsit
851 2303 926 2333 adel.
949 2303 1082 2334 Sestius
1099 2303 1194 2335 Man.
1327 2313 1368 2342 24
1394 2312 1510 2342 campo
1534 2301 1601 2332 cod.

273 2347 403 2377 Vrsmi:
428 2357 582 2386 campum
602 2346 640 2375 M
748 2356 787 2385 25
809 2350 882 2386 svm!
898 2347 1008 2377 futura
1035 2346 1110 2377 (ΡΜ.
1131 2351 1228 2377 erant
1250 2345 1440 2387 chscnbcrg
1526 2350 1604 2376 ante

271 2391 414 2420 mediam
432 2396 565 2420 noctem
585 2389 668 2420 CM2
684 2402 691 2421 :
715 2400 782 2421 om.
804 2396 881 2421 ante
899 2390 948 2420 Μ’
967 2402 973 2421 ;
997 2391 1109 2421 media
1127 2395 1226 2422 nocte
1244 2390 1331 2430 vulg.

1617 843 1656 866 10

1621 1166 1656 1199 15

1621 1495 1661 1518 20
