1790 2837
716 135 1039 174 PRAEFATIO

214 243 434 283 editionum
468 244 671 294 postulant
704 256 835 293 neque
865 244 966 283 vires
1000 258 1113 284 meae
1144 246 1310 286 omnino
1348 247 1540 287 sustinere

213 316 379 358 possunt
396 323 406 357 3
453 308 608 347 tenuior
641 309 817 358 quodam
855 310 978 348 modo
1016 310 1127 349 labor
1164 318 1222 349 est
1260 318 1299 350 et
1335 312 1542 351 artioribus

213 373 357 412 finibus
378 373 707 424 circumscriptus.
768 375 859 423 Qua
887 375 938 413 de
967 388 1086 414 causa
1114 389 1245 426 neque
1274 390 1321 415 ex
1344 377 1542 420 immenso

213 439 539 478 emendationum
559 446 598 478 et
618 439 933 478 coniecturarum
959 453 1099 480 acervo
1123 441 1333 492 praecipue
1352 442 1392 480 in
1412 456 1543 482 recen-

213 504 319 543 tibus
338 504 452 543 annis
473 504 513 542 in
533 506 656 543 altum
678 506 881 544 cumulato
902 505 1014 556 potui
1034 505 1109 544 nisi
1129 520 1275 557 paucas
1295 521 1511 558 excerpere.

266 571 451 620 Longum
485 569 666 609 ordinem
699 570 871 609 virorum
903 572 1112 610 doctorum
1147 571 1215 621 qui
1254 573 1304 611 de
1339 572 1541 612 Ciceronis

213 635 389 686 epistulis
418 635 568 686 optime
597 635 725 674 meriti
752 643 843 674 sunt
864 650 1094 675 enumerare
1115 650 1448 687 supervacaneum
1470 646 1540 685 est,

212 702 282 740 sed
321 708 363 739 ut
401 700 582 739 omittam
621 700 782 740 honoris
821 709 859 740 et
896 701 993 751 grati
1027 701 1149 740 animi
1187 716 1306 741 causa
1338 702 1542 743 nominare

212 765 550 816 Wesenbergium,
581 765 779 813 Booffium,
818 766 1047 815 Gurlittum,
1076 768 1380 818 Sternkopfium,
1414 769 1461 808 Ο.
1494 770 1539 807 Ε.

212 831 487 878 Schmidtium‚
525 832 569 871 C.
605 832 646 870 F.
680 833 739 870 W.
775 831 1012 870 Miillerum¹
1050 845 1181 882 neque
1219 832 1278 871 ius
1317 846 1446 883 neque
1484 834 1541 872 fas

211 896 400 946 permittit
415 911 425 944 ,-
454 896 598 946 quibus
630 896 817 935 omnibus
850 904 893 934 ut
925 896 1092 946 plurima
1125 898 1255 936 debeo
1289 897 1342 937 ita
1378 898 1540 949 gratiam

211 961 421 1012 plurimam
460 962 601 1000 habeo.
659 961 815 1000 Lectori
854 975 1014 1012 quoque
1046 963 1313 1013 typographei‚
1344 963 1427 1003 viro
1461 971 1540 1002 tam

211 1028 332 1066 docto
353 1040 472 1077 quam
492 1034 610 1065 acuto
631 1026 699 1077 qui
720 1028 887 1065 schedas
914 1028 1090 1066 sollerter
1110 1027 1359 1078 corrigendas
1380 1029 1541 1078 curavit,

211 1094 380 1131 multum
402 1093 543 1131 debeo.
603 1093 681 1131 Sed
711 1092 852 1142 gratias
882 1092 1012 1132 habeo
1041 1093 1271 1143 praecipuas
1300 1094 1430 1132 amico
1450 1108 1542 1134 con-

211 1157 458 1196 iunctissimo
487 1157 637 1196 Iacobo
659 1158 697 1196 S.
720 1157 838 1205 Reid,
860 1157 1061 1196 Historiae
1081 1158 1283 1208 Antiquae
1312 1160 1419 1209 apud
1440 1160 1540 1199 Can-

211 1222 456 1273 tabrigiensis
478 1222 703 1270 Professori,
720 1222 787 1273 qui
803 1223 960 1273 linguae
977 1223 1262 1262 Ciceronianae
1283 1224 1540 1274 peritissimus

210 1290 353 1326 multas
374 1288 637 1327 correctiones
664 1287 887 1338 ingeniosas
917 1296 954 1327 et
976 1289 1114 1327 doctas
1139 1302 1295 1328 mecum
1323 1290 1541 1328 communi-

210 1353 311 1392 cavit
343 1360 381 1392 et
419 1367 488 1403 per
526 1360 654 1391 totum
695 1367 795 1404 opus
838 1353 878 1391 in
918 1353 1028 1392 omni
1067 1367 1107 1392 re
1146 1353 1214 1392 ubi
1253 1368 1316 1393 me
1354 1354 1540 1395 adiuvare

210 1426 362 1469 poterat
391 1432 552 1469 operam
582 1420 823 1457 luculentam
855 1426 894 1457 et
921 1418 1161 1458 indefessam
1191 1419 1306 1458 solita
1335 1433 1405 1458 sua
1434 1421 1541 1460 beni-

209 1484 356 1534 gnitate
377 1497 532 1534 semper
551 1485 764 1523 adferebat.

1286 1551 1328 1588 L.
1362 1551 1406 1590 C.
1440 1552 1480 1589 Ρ.

253 1632 383 1662 DABAM
402 1631 559 1662 DUBLlNI

296 1685 408 1717 Mense
423 1686 542 1726 Apm'li,
561 1694 747 1716 MDccccm.

253 1781 262 1797 ¹
287 1780 382 1819 Quos
406 1781 491 1811 duos
514 1781 604 1811 viros
629 1779 771 1819 insignis
795 1778 971 1810 brevitatis
996 1789 1106 1819 causa,
1131 1784 1165 1809 ut
1190 1779 1388 1819 saepissime
1415 1780 1538 1812 auxilio

209 1825 349 1855 vocandi
367 1829 457 1864 sunt,
478 1825 677 1864 plerumque
694 1824 767 1854 sine
786 1823 1061 1864 praenominibus
1078 1823 1232 1854 indicavi.
