1790 2837
158 841 196 863 10

159 1165 194 1196 15

158 1577 197 1597 20

620 130 732 168 EPP.
764 130 842 166 AD
872 128 1130 167 ATTICVM
1163 126 1166 129 “
1476 126 1553 163 ΙΙΙ.
1573 124 1649 161 xiv

214 256 300 282 csse
331 240 464 280 habita
480 256 490 288 ;
522 239 665 291 quibus
699 239 887 278 absolutis
919 238 1055 277 scribis
1085 237 1139 276 illi
1171 236 1364 288 placuisse
1394 236 1454 286 agi
1490 237 1539 275 de

214 307 340 346 nobis.
404 307 443 345 Si
478 306 547 345 tibi
582 307 721 344 stultus
756 319 840 343 esse
873 304 1009 343 videor
1039 303 1107 354 qui
1142 316 1307 354 sperem,
1337 301 1437 340 facio
1472 309 1540 340 tuo

214 372 331 419 iussn,
348 371 420 410 etsi
440 372 522 409 scio
538 379 575 409 te
597 384 659 409 me
680 370 725 408 iis
746 368 920 419 epistulis
941 368 1070 418 potius
1091 376 1129 406 et
1146 381 1252 406 meas
1273 381 1361 417 spes
1382 366 1539 404 solitum

213 450 298 475 esse
337 435 530 475 remorari.
597 436 715 473 Nunc
749 434 864 472 velim
905 432 1000 470 mihi
1039 434 1154 482 plane
1191 431 1406 481 perscribas
1446 431 1540 481 quid

213 501 358 539 videas.
423 500 512 539 Scio
534 513 605 538 nos
626 498 765 537 nostris
788 497 918 536 multis
939 496 1110 547 peccatis
1130 496 1169 534 in
1190 498 1292 534 hanc
1312 509 1540 535 aerumnam

213 565 408 604 incidisse.
470 567 527 603 Ea
548 564 579 603 si
599 563 665 614 qui
686 576 798 602 casus
822 562 952 612 aliqua
973 575 1019 599 ex
1039 569 1147 611 parte
1171 560 1390 609 correxerit,
1411 560 1540 599 minus

214 632 379 669 moleste
400 631 570 668 feremus
588 642 660 667 nos
680 627 819 666 vixisse
840 634 878 665 et
898 627 1029 664 adhuc
1049 626 1187 664 vivere.

270 697 355 745 Ego
389 703 547 745 propter
577 694 661 732 viae
699 691 965 731 celebritatem
1000 698 1038 729 et
1072 691 1311 729 cotidianam
1345 698 1582 740 exspecta-2

214 759 364 798 tionem
398 773 525 798 rerum
559 772 748 797 novarum
780 771 860 795 non
895 755 1092 795 commovi
1127 769 1190 794 me
1220 757 1351 794 adhuc
1376 757 1540 793 Thessa-

215 825 354 864 lonica.
414 826 491 863 Sed
513 824 590 862 iam
611 822 851 862 extrudimur
871 835 951 860 non
971 835 994 859 a
1015 820 1176 859 Plancio
1198 819 1307 871 (nam
1328 820 1359 859 is
1380 819 1539 870 quidem

215 889 372 940 retinet)
393 903 527 927 verum
551 890 600 927 ab
622 888 708 938 ipso
728 889 817 926 loco
838 886 1000 924 minime
1023 886 1206 936 apposito
1226 887 1276 924 ad
1298 886 1540 924 tolerandam

215 954 255 993 in
276 962 385 993 tanto
405 955 512 992 luctu
534 953 806 992 calamitatem.
867 953 915 990 In
935 951 1098 1002 Epirum
1119 951 1224 999 ideo,
1238 958 1280 989 ut
1300 951 1540 1001 scripseram,

215 1034 295 1058 non
323 1018 423 1065 veni,
447 1020 554 1068 quod
580 1018 711 1056 subito
739 1016 834 1054 mihi
861 1016 1030 1055 universi
1057 1015 1184 1054 nuntii
1210 1024 1396 1054 venerant
1423 1023 1460 1054 et
1487 1015 1543 1053 lit<

215 1092 318 1123 terae
345 1097 422 1133 qua
450 1097 490 1121 re
514 1082 610 1120 nihil
631 1089 731 1120 esset
753 1095 913 1120 necesse
934 1094 1052 1130 quam
1073 1080 1248 1130 proxime
1271 1080 1424 1118 Italiam
1446 1094 1540 1118 esse.

217 1149 339 1196 Hinc,
363 1148 395 1186 si
424 1147 571 1197 aliquid
601 1161 624 1185 a
654 1146 822 1185 comitiis
852 1145 1102 1192 audierimus,
1131 1159 1203 1184 nos
1230 1145 1270 1183 in
1291 1145 1426 1183 Asiam
1455 1158 1544 1183 con-

214 1221 409 1252 vertemus
426 1227 435 1260 3
472 1226 601 1262 neque
633 1212 764 1250 adhuc
795 1211 922 1249 stabat
949 1223 1028 1261 quo
1055 1210 1303 1261 potissimum
1335 1211 1405 1249 sed
1433 1210 1541 1249 scies.

218 1279 320 1316 Data
341 1290 402 1315 xii
424 1276 576 1316 Sextilis
593 1275 909 1314 Thessalonicae.

262 1405 347 1439 XV
474 1407 541 1439 Scr.
569 1406 806 1438 Thessalonicae
819 1407 877 1437 xiv
892 1406 935 1437 K.
956 1406 1045 1447 Sept.
1067 1417 1095 1437 a.
1119 1407 1182 1447 696
1200 1406 1287 1449 (58).

635 1483 810 1515 CICERO
834 1482 1006 1514 ATTICO
1030 1483 1127 1515 SAL.

269 1562 419 1612 Accepi
450 1562 588 1600 Idibus
619 1560 828 1600 Sextilibus
855 1568 1040 1610 quattuor
1065 1560 1250 1611 epistulas
1277 1575 1299 1599 a
1326 1569 1364 1600 te
1391 1561 1538 1609 missas
1559 1575 1575 1601 1

216 1639 335 1664 unam
357 1640 435 1676 qua
460 1640 523 1664 me
550 1625 731 1675 obiurgas
758 1632 796 1663 et
816 1638 927 1675 rogas
948 1632 990 1662 ut
1012 1624 1084 1662 sim
1105 1624 1260 1672 firmior,
1283 1627 1443 1664 alteram
1465 1640 1541 1675 qua

217 1690 347 1730 Crassi
368 1690 551 1729 libertum
577 1690 633 1728 ais
661 1689 731 1728 tibi
758 1691 808 1728 de
835 1702 923 1727 mea
949 1688 1214 1728 sollicitudine
1238 1689 1442 1740 macieque
1462 1704 1545 1728 nar-

217 1769 331 1802 rasse,
355 1755 506 1794 tertiam
528 1769 606 1806 qua
626 1757 872 1794 demonstras
892 1762 979 1792 acta
999 1754 1039 1792 in
1062 1762 1209 1801 senatu,
1229 1763 1406 1805 quartam
1428 1757 1477 1794 de
1498 1769 1547 1793 eo

218 1822 327 1870 quod
353 1823 565 1859 aVarrone
595 1820 730 1859 scribis
758 1820 828 1859 tibi
856 1833 940 1858 esse
970 1821 1244 1858 confirmatum
1275 1822 1325 1859 de
1345 1822 1545 1859 voluntate

182 1901 197 1931 5
219 1885 394 1935 Pompei.
454 1886 519 1923 Ad
538 1885 703 1936 primam
729 1885 799 1923 tibi
827 1886 903 1923 hoc
930 1883 1069 1931 scribo,
1093 1898 1156 1923 me
1176 1884 1229 1923 ita
1249 1886 1382 1924 dolere
1402 1893 1444 1923 ut
1464 1899 1544 1924 non
1563 1895 1587 1922 2

219 1951 341 1988 modo
367 1963 390 1988 a
413 1957 545 1988 mente
575 1964 656 1988 non
683 1951 837 1988 deserar
864 1950 933 1988 sed
961 1949 1001 1987 id
1028 1949 1156 1999 ipsum
1185 1951 1352 1997 doleam,
1376 1964 1439 1989 me
1466 1958 1544 1989 tam

219 2015 330 2052 firma
358 2022 489 2053 mente
518 2014 586 2053 ubi
616 2022 700 2053 utar
729 2022 766 2053 et
796 2014 1032 2064 quibuscum
1060 2028 1140 2052 non
1167 2015 1321 2053 habere.
1381 2017 1486 2053 Nam
1516 2015 1546 2053 si

219 2086 260 2116 tu
287 2092 350 2117 me
377 2093 457 2117 uno
486 2093 566 2117 non
596 2079 679 2117 sine
709 2092 883 2117 maerore
909 2092 1027 2125 careS,
1051 2079 1146 2128 quid
1174 2093 1237 2117 me
1264 2093 1400 2118 censes
1421 2079 1487 2129 qui
1509 2088 1546 2118 et

220 2151 257 2181 te
287 2151 325 2182 et
355 2144 568 2182 omnibus?
601 2151 639 2183 et
668 2144 699 2182 si
728 2151 769 2182 tu
800 2143 1007 2182 incolumis
1038 2157 1100 2182 me
1129 2144 1301 2194 requiris,
1324 2158 1404 2194 quo
1426 2146 1546 2183 modo

263 2256 283 2285 3
308 2247 370 2277 etsi
398 2246 430 2276 F
453 2246 660 2285 Malaspina:
696 2251 731 2277 et
754 2245 795 2276 M
953 2247 974 2276 6
998 2247 1184 2277 correxerit
1211 2246 1355 2279 Lama:
1382 2248 1483 2278 -erint
1508 2247 1550 2278 M

225 2300 261 2328 13
287 2291 363 2320 veni
382 2288 426 2320 ΖΙ)
450 2301 478 2320 v.
499 2302 521 2320 c.
542 2290 628 2320 HP:
656 2289 675 2319 ii
692 2290 778 2319 EMs
795 2301 801 2320 x
828 2290 871 2320 ivi
889 2289 944 2319 Νπ
1034 2290 1198 2327 universil
1218 2291 1351 2321 adversi
1369 2291 1548 2322 Ascensz‘us

221 2333 321 2371 Koch,
342 2335 410 2363 iam
431 2344 451 2363 a
469 2333 658 2373 lWalaspina
681 2334 827 2362 reiectum
929 2341 967 2370 15
991 2331 1036 2372 si]
1058 2334 1119 2363 nisi
1138 2333 1232 2364 Man.
1333 2344 1369 2364 21
1397 2339 1430 2364 et
1449 2345 1547 2374 rogas

221 2377 304 2408 Ant.
325 2380 370 2408 Σε
394 2387 458 2407 om.
479 2382 507 2407 Δ
620 2387 661 2416 29
684 2386 750 2415 quo
764 2376 784 2406 I
797 2376 885 2417 vulg.
905 2387 911 2408 :
938 2380 972 2407 et
988 2387 1055 2416 quo
1073 2376 1161 2408 codd.
1183 2388 1189 2408 :
1213 2387 1318 2417 ecquo
1337 2378 1525 2419 Malaspt'na
