1817 2832
665 106 779 145 EPP.
811 107 888 145 AD
917 107 1178 147 ATTICVM
1505 109 1599 147 VIl.
1618 109 1696 145 viii

261 215 454 254 πολιτικὸν
490 216 640 266 σκέμμα
677 223 880 255 rectumne
918 216 967 255 sit
1001 217 1124 256 nobili
1162 218 1405 258 adulescenti
1440 225 1590 258 mutare

261 292 409 318 nomen
429 279 601 319 mulieris
622 288 868 320 testamento.
916 283 994 320 Sed
1010 282 1050 320 id
1072 285 1380 333 φιλοσοφώτερον
1400 284 1591 334 διευκρινή-

262 361 388 394 σομεν,
412 357 502 382 cum
524 345 693 384 sciemus
714 353 905 395 quantum
927 346 1038 396 quasi
1060 347 1107 385 sit
1128 347 1167 385 in
1189 347 1336 386 trientis
1358 348 1507 387 triente.

316 410 438 458 Quod
459 410 603 459 putasti
625 412 705 449 fore
726 417 768 448 ut
787 418 879 448 ante
899 423 1017 459 quam
1039 410 1138 449 istuc
1159 412 1331 450 venirem
1353 413 1586 462 Pompeium
1607 419 1634 457 4

225 491 241 523 5
261 473 445 520 viderem,
478 475 625 513 factum
659 482 717 514 est
748 474 825 522 ita,·
867 488 959 513 nam
991 487 1031 513 v1
1066 477 1153 514 Kal.
1187 478 1237 515 ad
1268 477 1501 515 Lavernium
1533 491 1590 515 me

261 547 498 577 consecutus
527 548 595 578 est.
655 542 744 578 Vna
775 539 951 578 Formias
979 540 1158 579 venimus
1188 549 1225 580 et
1254 542 1303 580 ab
1329 543 1424 580 hora
1451 551 1588 581 octava

261 605 311 642 ad
332 617 538 654 vesperum
560 612 709 643 secreto
725 605 924 643 conlocuti
946 618 1091 643 sumus.
1134 607 1254 654 Quod
1271 607 1423 656 quaeris
1440 621 1588 657 ecquae

261 681 350 719 spes
371 669 654 719 pacificationis
674 669 731 715 sit,
748 677 939 719 quantum
960 683 1006 708 ex
1024 671 1187 720 Pompei
1209 673 1332 710 multo
1348 679 1386 710 et
1405 680 1588 710 accurato

262 746 443 771 sermone
480 733 667 784 perspexi,
709 747 759 772 ne
796 735 976 772 voluntas
1021 734 1181 784 quidem
1227 743 1296 774 est.
1374 736 1437 774 Sic
1482 736 1588 774 enim

204 813 242 836 10
261 797 466 846 existimat,
507 798 539 837 si
576 799 641 837 ille
677 800 738 837 vel
776 798 939 838 dimisso
977 800 1146 838 exercitu
1185 802 1322 839 consul
1365 802 1488 839 factus
1527 801 1585 848 sit,

262 865 448 916 σύγχυσιν
480 866 544 913 τῆς
573 865 760 904 πολιτείας
790 866 882 911 fore,
913 872 1032 914 atque
1063 865 1178 903 etiam
1219 873 1329 915 putat
1362 879 1463 913 eum,
1497 880 1587 905 cum

261 928 428 967 audierit
458 936 594 967 contra
623 942 665 967 se
693 929 898 979 diligenter
927 929 1061 980 parari,
1094 932 1342 968 consulatum
1374 932 1449 969 hoc
1482 944 1588 970 anno

262 995 530 1043 neglecturum
551 1007 597 1032 ac
617 993 747 1043 potius
768 994 979 1033 exercitum
996 994 1318 1045 provinciamque
1334 1003 1585 1034 retenturum.

263 1058 331 1096 Sin
362 1066 494 1096 autem
524 1058 588 1097 ille
614 1060 768 1106 fureret,
794 1060 1046 1097 vehementer
1075 1059 1278 1098 hominem
1307 1061 1588 1099 contemnebat

206 1136 241 1168 15
263 1130 301 1161 et
331 1122 409 1160 suis
441 1130 479 1161 et
512 1122 566 1161 rei
599 1122 781 1173 publicae
815 1122 938 1173 copiis
972 1125 1208 1163 confidebat.
1269 1124 1377 1173 Quid
1407 1125 1589 1175 quaeris?

262 1187 333 1226 etsi
355 1187 450 1225 mihi
476 1188 614 1226 crebro
636 1191 645 1207 ‘
659 1189 764 1234 ξυνὸς
782 1188 993 1228 Ἐιιυάλιος’
1017 1190 1259 1236 occurrebat,
1280 1197 1411 1227 tamen
1433 1190 1588 1228 levabar

262 1265 354 1290 cura
374 1252 497 1291 virum
519 1254 659 1291 fortem
679 1260 718 1291 et
738 1252 904 1303 peritum
925 1260 963 1291 et
983 1253 1194 1303 plurimum
1214 1253 1444 1292 auctoritate
1460 1255 1589 1292 valen-

262 1325 341 1355 tem
379 1317 544 1356 audiens
583 1321 778 1358 πολιτικῶς
815 1319 865 1356 de
903 1318 1009 1368 pacis
1048 1318 1252 1357 simulatae
1294 1318 1475 1368 periculis
1513 1319 1589 1357 dis-

262 1390 465 1421 serentem.
509 1383 770 1422 Habebamus
785 1390 917 1421 autem
938 1382 977 1420 in
995 1383 1176 1421 manibus
1193 1383 1342 1421 Antoni
1359 1383 1584 1422 contionem
1606 1395 1629 1433 5

204 1461 242 1483 20
261 1447 436 1485 habitam
475 1459 503 1485 x
544 1449 631 1486 Kal.
674 1450 839 1494 Ianuar„
874 1447 913 1485 in
952 1461 1030 1497 qua
1067 1455 1147 1485 erat
1184 1447 1383 1486 accusatio
1422 1447 1586 1497 Pompei

260 1523 385 1560 usque
416 1524 439 1548 a
467 1518 557 1560 toga
585 1524 693 1561 pura,
723 1513 881 1561 querela
910 1512 961 1549 de
994 1511 1199 1557 damnatis,
1231 1519 1351 1549 terror
1376 1524 1583 1548 armorum.

262 1576 309 1613 In
339 1575 482 1625 quibus
512 1575 576 1614 ille
609 1576 738 1625 ‘Quid
767 1575 1074 1615 censes'aiebat
1099 1577 1309 1613 ‘facturum
1336 1589 1420 1614 esse
1444 1575 1583 1625 ipsum,

260 1639 291 1677 si
312 1639 351 1677 in
382 1640 671 1690 possessionem
703 1641 756 1679 rei
778 1641 960 1691 publicae
980 1640 1137 1686 venerit,
1162 1653 1251 1678 cum
1280 1641 1376 1678 haec
1404 1647 1587 1689 quaestor

260 1704 342 1743 eius
372 1704 549 1743 infirmus
573 1713 611 1744 et
641 1705 754 1756 inops
784 1707 926 1743 audeat
954 1704 1133 1743 dicere?’
1191 1704 1300 1752 Quid
1325 1706 1476 1742 multa?
1505 1718 1586 1742 non

203 1785 240 1816 25
260 1770 381 1808 modo
419 1784 500 1808 non
531 1778 711 1820 expetere
744 1785 881 1820 pacem
917 1770 1029 1808 istam
1063 1771 1131 1808 sed
1162 1770 1280 1807 etiam
1315 1769 1451 1807 timere
1482 1769 1586 1807 visus

260 1841 327 1871 est.
389 1836 447 1872 Ex
473 1834 538 1873 illa
561 1843 691 1874 autem
718 1836 911 1874 sententia
932 1839 990 1875 †T†
1012 1835 1292 1884 relinquendae
1322 1834 1428 1872 urbis
1454 1841 1585 1872 movet

259 1898 473 1945 hominem,
505 1907 547 1937 ut
578 1907 685 1949 puto.
746 1899 847 1938 Mihi
876 1908 1008 1938 autem
1040 1899 1134 1937 illud
1165 1898 1483 1936 molestissimum
1514 1906 1585 1945 est,

259 1964 367 2012 quod
385 1964 560 2002 solvendi
578 1972 667 2002 sunt
684 1964 835 2002 nummi
850 1963 1007 2003 Caesari
1023 1971 1061 2002 et
1078 1963 1380 2001 instrumentum
1398 1963 1585 2013 triumphi

259 2040 307 2065 ΕΟ
328 2029 621 2066 conferendum.
680 2031 749 2066 Est
770 2028 874 2066 enim
897 2030 1067 2078 ἄμορφον
1087 2029 1452 2078 ἀντιπολιτευομένου
1470 2045 1585 2080 χρεω-

202 2105 242 2137 30
260 2093 435 2141 φειλέτην
454 2105 549 2130 esse.
608 2094 686 2131 Sed
707 2094 804 2131 haec
824 2100 862 2131 et
883 2094 1005 2130 multa
1024 2092 1100 2130 alia
1120 2106 1261 2131 coram.

303 2205 322 2234 5
349 2194 568 2227 Lavernium]
593 2195 700 2226 lacum
726 2195 898 2225 Avernum
925 2196 1002 2226 conf.
1030 2195 1197 2225 Turnebus
1212 2195 1333 2225 Rosius
1430 2205 1483 2226 me
1507 2195 1581 2228 add.

259 2240 347 2278 vulg.
495 2240 536 2268 26
557 2240 572 2269 'i'
598 2238 654 2268 M:
681 2240 734 2271 ita.
753 2239 819 2271 viv.
838 2239 896 2273 nis,
915 2238 1003 2268 infra
1028 2239 1111 2268 dant
1133 2240 1192 2268 alsi
1215 2239 1347 2269 cadioes:
1386 2238 1434 2269 ira
1459 2239 1558 2270 Rom.
1578 2251 1585 2270 t

259 2293 322 2312 om.
343 2281 379 2311 I:
406 2281 471 2311 ἰδέα
494 2281 651 2315 Schmidt,
679 2282 760 2315 bene.
788 2282 824 2321 cf
843 2293 886 2311 ne
898 2287 961 2322 pro
978 2283 1089 2319 negoti
1108 2283 1141 2311 in
1160 2282 1260 2312 Mad
1274 2283 1327 2312 vii.
1349 2292 1395 2312 11.
1417 2293 1435 2321 5
1453 2294 1459 2313 ε
1484 2293 1585 2313 causa

258 2325 378 2356 Klots:
419 2326 599 2363 indignitas
630 2325 707 2355 coni.
733 2325 925 2365 lVesenberg.
998 2325 1116 2355 Tolum
1145 2326 1251 2355 lorum
1281 2327 1325 2356 ila
1349 2327 1456 2356 scrzbtt
1481 2326 1583 2355 Pant-

259 2369 400 2405 agratlms
417 2379 489 2398 mea
507 2374 618 2398 autem
637 2369 806 2399 sententia
824 2380 889 2399 non
909 2369 1158 2407 relinquendae,
1175 2369 1322 2408 idemque
1338 2369 1544 2408 E1·ncst1·‚sed
1556 2371 1585 2400 is

259 2411 314 2442 illa
326 2417 388 2452 pro
405 2422 480 2442 mea
611 2422 651 2450 27
678 2417 770 2451 puto,
791 2413 945 2443 maxime.
997 2412 1077 2442 Mihi
1101 2413 1179 2443 coni.
1203 2412 1389 2453 ll'vsenbctg
