1817 2832
223 409 239 436 1

215 1118 240 1146 2

217 1834 243 1873 3

629 143 687 181 M.
718 142 888 180 TVLLI
919 142 1225 182 CICERONIS

303 250 352 285 II
527 252 596 284 διν.
617 252 651 283 in
668 252 873 293 Pompeiano
889 253 925 284 vi
936 252 986 284 Id.
1006 253 1087 285 Mai.
1106 264 1137 285 a.
1160 263 1214 294 703
1234 252 1318 296 (51).

676 324 853 354 CICERO
877 324 1050 355 ATTICO
1075 324 1178 357 SAL.

314 398 360 433 A.
388 397 425 434 d.
453 407 493 433 vl
526 396 622 434 Idus
655 394 793 442 Maias,
825 408 917 433 cum
946 396 1016 434 has
1037 396 1183 434 dabam
1213 396 1371 444 litteras,
1402 410 1449 436 ex
1478 399 1593 436 Pom-

259 459 401 510 peiano
422 458 699 509 proficiscebar
728 466 771 497 ut
790 473 839 497 eo
866 459 931 498 die
956 473 1156 498 manerem
1177 459 1218 498 in
1238 461 1465 500 Trebulano
1484 463 1591 511 apud

260 524 457 562 Pontium.
519 524 677 563 Deinde
708 524 929 574 cogitabam
965 525 1049 563 sine
1076 526 1156 563 ulla
1188 539 1297 564 mora
1325 526 1426 564 iusta
1454 526 1592 565 itinera
1611 540 1628 571 5

258 590 396 626 facere.
457 589 506 626 In
536 589 720 628 Cumano
750 603 841 627 cum
871 603 1009 636 essem,
1039 589 1146 628 venit
1174 591 1226 628 ad
1256 603 1330 637 me,
1357 591 1466 640 quod
1496 591 1591 628 mihi

258 661 481 703 pergratum
519 653 602 701 fuit,
639 661 772 693 noster
815 654 1079 703 Hortensius;
1127 654 1192 693 cui
1233 655 1465 705 deposcenti
1504 669 1591 694 mea

259 719 446 757 mandata
475 726 604 757 cetera
633 718 813 757 universe
834 719 1028 767 mandavi,
1053 719 1150 758 illud
1180 719 1346 770 proprie,
1369 733 1420 758 ne
1445 728 1592 770 patere-

259 790 320 821 tur
346 791 538 833 quantum
568 791 671 822 esset
698 784 738 822 in
765 784 851 834 ipso
880 784 1078 834 prorogari
1108 784 1224 823 nobis
1251 784 1482 835 provincias.
1542 786 1590 823 In

259 861 339 898 quo
367 862 457 887 eum
488 857 529 887 tu
550 849 669 888 velim
696 850 905 888 confirmes
932 857 1166 900 gratumque
1194 849 1291 887 mihi
1317 849 1455 889 fecisse
1482 850 1591 889 dicas
1611 865 1651 887 10

259 915 367 963 quod
398 921 437 952 et
467 913 616 952 venerit
646 915 698 952 ad
730 928 793 952 me
823 921 861 952 et
891 915 967 952 hoc
997 914 1095 952 mihi
1123 922 1403 965 praetereaque
1432 914 1463 953 si
1494 915 1591 965 quid

258 992 358 1028 opus
388 987 490 1017 esset
521 978 752 1029 promiserit.
814 979 1057 1019 Confirmavi
1086 981 1137 1018 ad
1166 993 1255 1018 eam
1284 993 1443 1018 causam
1472 980 1590 1019 etiam

260 1043 449 1081 Furnium
480 1052 657 1083 nostrum
688 1058 807 1094 quem
837 1046 888 1083 ad
917 1058 1067 1082 annum
1095 1044 1296 1083 tribunum
1326 1046 1377 1095 pl.
1407 1044 1613 1083 videbam‘

260 1110 352 1147 fore.
431 1109 660 1148 Habuimus
704 1109 745 1147 in
784 1111 968 1150 Cumano
1015 1109 1127 1159 quasi
1173 1109 1355 1160 pusillam
1405 1112 1587 1149 Romam.

259 1175 390 1211 Tanta
406 1182 486 1212 erat
502 1174 541 1211 in
558 1174 618 1212 his
642 1174 739 1212 locis
756 1174 969 1212 multitudo
984 1189 994 1221 ;
1023 1188 1114 1212 cum
1132 1174 1286 1213 interim
1305 1176 1425 1213 Rufio
1447 1184 1591 1224 noster,
1616 1189 1650 1220 15

259 1240 369 1289 quod
390 1252 431 1277 se
451 1253 473 1277 a
488 1238 672 1278 Vestorio
693 1238 890 1278 observari
906 1238 1075 1285 videbat,
1092 1246 1365 1289 strategemate
1387 1240 1590 1278 hominem

259 1303 474 1354 percussit3
514 1317 606 1342 nam
638 1305 689 1342 ad
721 1317 785 1342 me
819 1317 900 1342 non
937 1303 1112 1342 accessit.
1176 1305 1318 1342 Itane?
1357 1318 1449 1342 cum
1490 1306 1592 1343 Hor-

260 1370 408 1408 tensius
429 1368 577 1407 veniret
598 1376 636 1407 et
657 1368 834 1407 infirmus
856 1376 894 1407 et
915 1376 994 1407 tam
1022 1370 1138 1418 longe
1157 1376 1197 1407 et
1227 1369 1476 1416 Hortensius,
1500 1383 1590 1407 cum

259 1434 429 1472 maxima
449 1441 648 1484 praeterea
668 1433 892 1480 multitudo,
917 1433 980 1472 ille
997 1446 1078 1472 non
1099 1433 1235 1472 venit?
1286 1435 1391 1481 Non,
1414 1433 1586 1484 inquam.

260 1501 379 1537 ‘Non
411 1498 543 1537 vidisti
577 1498 692 1548 igitur
724 1497 978 1536 hominem?'
1023 1497 1187 1548 inquies.
1249 1498 1329 1547 Qui
1363 1498 1474 1549 potui
1508 1513 1589 1537 non
1610 1516 1650 1536 20

258 1563 390 1602 videre
411 1577 501 1602 cum
523 1577 592 1614 per
611 1562 831 1614 emporium
861 1564 1168 1601 Puteolanorum
1189 1563 1260 1602 iter
1286 1565 1484 1602 facerem?
1541 1566 1589 1602 In

259 1642 339 1678 quo
366 1628 476 1666 illum
505 1636 686 1678 agentem
711 1627 861 1678 aliquid
890 1629 1009 1666 credo
1039 1628 1211 1674 salutavi,
1235 1636 1324 1678 post
1351 1628 1469 1667 etiam
1497 1629 1589 1668 iussi

259 1695 386 1732 valere
413 1707 503 1731 cum
528 1707 591 1731 me
616 1693 747 1731 exiens
775 1706 796 1731 e
817 1706 886 1730 sua
906 1692 995 1730 villa
1022 1692 1217 1742 numquid
1237 1694 1377 1731 vellem
1404 1702 1586 1743 rogasset.

262 1760 385 1796 Hunc
406 1757 608 1796 hominem
633 1771 770 1807 parum
795 1765 948 1807 gratum
980 1757 1189 1807 quisquam
1219 1765 1330 1807 putet
1354 1766 1421 1796 aut
1448 1772 1528 1797 non
1549 1759 1590 1796 in

261 1837 309 1861 eo
330 1823 415 1873 ipso
436 1823 680 1861 laudandum
701 1823 810 1872 quod
831 1822 980 1861 laudari
1002 1836 1083 1860 non
1104 1822 1315 1860 laborarit?
1372 1824 1450 1862 Sed
1470 1825 1589 1862 redeo
1612 1836 1648 1866 25

259 1890 311 1928 ad
332 1889 439 1927 illud.

316 1953 407 1992 Noli
430 1961 565 2004 putare
586 1952 682 1991 mihi
702 1953 818 1992 aliam
840 1952 1153 1992 consolationem
1175 1967 1260 1992 esse
1284 1952 1400 1992 huius
1422 1953 1589 2004 ingentis

260 2019 462 2057 molestiae
483 2018 556 2057 nisi
578 2020 686 2068 quod
707 2032 821 2069 spero
843 2032 921 2057 non
945 2018 1162 2068 longiorem
1183 2032 1316 2057 annua
1342 2020 1434 2057 fore.
1496 2021 1588 2058 Hoc

260 2097 324 2122 me
354 2083 406 2121 ita
431 2085 529 2121 velle
560 2083 672 2121 multi
702 2097 782 2121 non
813 2084 977 2121 credunt
1007 2097 1054 2121 ex
1083 2083 1371 2122 consuetudine
1397 2083 1587 2131 aliorum3

260 2157 302 2186 tu
323 2148 388 2198 qui
410 2148 484 2186 scis
512 2162 672 2186 omnem
700 2147 942 2198 diligentiam
971 2147 1179 2185 adhibebis
1207 2155 1290 2186 tum
1318 2148 1466 2187 scilicet
1495 2162 1586 2187 cum
1607 2161 1649 2192 30

261 2213 300 2252 id
321 2213 380 2263 agi
402 2213 575 2260 debebit,
591 2226 681 2251 cum
703 2227 749 2251 ex
767 2212 887 2262 Epiro
908 2212 1077 2250 redieris.
1125 2214 1186 2250 De
1207 2226 1246 2251 re
1267 2213 1425 2262 publica
1441 2213 1587 2252 scribas

303 2312 323 2341 8
348 2311 501 2341 mandavi
518 2311 606 2351 vulg.
623 2322 628 2340 :
655 2310 820 2341 mandasti
838 2309 923 2342 codd.
940 2322 945 2340 :
972 2311 1135 2348 mandavi,
1153 2311 1214 2341 sed
1231 2311 1349 2341 Kalznt
1467 2322 1488 2350 9
1513 2322 1587 2350 pro-

260 2355 404 2385 vinciam
423 2356 509 2394 vulg.
618 2356 656 2384 16
680 2353 924 2394 στρατηγήματι
943 2354 1064 2393 Ῑνννείί
1161 2355 1199 2384 18
1217 2359 1250 2384 et
1263 2358 1351 2395 (ante
1365 2354 1587 2392 Hortensius)

262 2402 306 2429 Σ;
331 2410 394 2428 om.
416 2403 443 2428 Δ
489 2409 564 2428 cum
582 2409 645 2428 0171.
667 2398 718 2428 M¹
862 2408 902 2435 23
928 2399 1047 2427 exiens
1065 2408 1083 2427 e
1103 2397 1218 2429 Lantl).
1238 2409 1245 2428 z
1270 2409 1423 2437 expense
1439 2398 1528 2429 codd.
1545 2399 1583 2437 cf

261 2451 291 2479 3.
315 2452 324 2471 1
433 2452 472 2480 25
492 2442 618 2471 laudari
633 2441 774 2471 CNOP:
800 2441 947 2471 audiriA
1048 2451 1085 2479 31
1107 2442 1243 2472 debebit
1260 2452 1334 2472 cum
1353 2465 1359 2473 .
1380 2464 1386 2472 .
1405 2465 1412 2473 .
1433 2442 1585 2472 redieris.

263 2485 312 2515 De
328 2485 521 2526 Sternkops:
546 2485 689 2516 debebit.
710 2485 793 2516 Cum
812 2508 819 2515 .
838 2505 846 2514 .
863 2507 869 2514 .
892 2483 1042 2517 redieris,
1063 2484 1104 2513 de
1122 2484 1205 2523 vulg
