1817 2832
188 109 305 147 VIII.
329 109 359 147 ii
630 111 687 149 M.
718 111 888 148 TVLLI
919 110 1225 150 CICERONIS

301 221 426 259 deras.
486 220 596 259 Nihil
623 222 674 259 de
701 234 764 259 me
785 220 889 269 dico,
909 220 973 259 alii
994 220 1172 260 viderint.
1233 219 1315 259 Hie
1343 219 1505 271 quidem
1530 233 1632 271 quae

302 294 359 324 est
376 317 383 323 .
403 316 409 324 .
430 288 470 324 .?
510 285 631 323 Domi
646 293 796 324 vestrae
816 285 908 324 estis
929 293 968 324 et
987 285 1093 323 eritis
1113 299 1253 324 omnes
1274 285 1379 323 boni.
1431 285 1530 334 Quis
1547 293 1632 324 turn

301 364 343 388 se
375 350 470 388 mihi
502 364 583 389 non
618 350 820 389 ostendit?
860 350 947 401 quis
981 364 1088 389 nunc
1121 352 1233 389 adest
1266 351 1343 389 hoc
1377 351 1512 389 bello?
1568 350 1632 390 Sic

301 415 406 454 enirn
429 415 505 453 iam
535 417 815 465 appellandum
837 423 905 454 est.

255 496 282 534 4
355 479 504 518 Vibulli
535 494 594 518 res
622 487 755 530 gestae
784 488 874 518 sunt
900 482 1032 519 adhuc
1062 480 1265 519 maximae.
1325 481 1374 518 Id
1399 494 1445 518 ex
1466 480 1632 531 Pompei

299 544 435 583 litteris
457 558 671 595 cognosces
688 560 697 592 3
725 545 765 583 in
787 545 930 595 quibus
954 546 1258 585 animadvertito
1278 546 1389 584 illum
1410 547 1542 584 locum
1563 546 1632 584 ubi

299 610 370 649 erit
399 612 522 660 διπλῆ.
582 611 747 649 Videbis
777 613 827 649 de
857 613 997 650 Gnaeo
1031 619 1166 650 nostro
1200 611 1284 662 ipse
1307 610 1505 649 Vibullius
1535 611 1632 661 quid

299 675 503 714 existimet.
578 677 670 725 Quo
717 675 832 726 igitur
874 678 972 715 haec
1020 684 1171 726 spectat
1218 675 1374 714 oratio?
1431 677 1517 725 Ego
1560 689 1632 725 pro

300 740 492 791 Pompeio
532 740 699 779 libenter
741 741 863 779 emori
906 755 1096 791 possumg
1143 741 1245 780 facio
1287 740 1407 791 pluris
1451 740 1630 779 omnium

299 806 506 845 hominum
539 806 764 855 neminem3
802 808 872 844 sed
903 821 984 845 non
1014 807 1067 845 ita
1096 812 1141 844 ut
1167 813 1208 844 tu
1240 820 1320 845 uno
1350 806 1390 844 in
1420 820 1468 844 eo
1497 806 1630 845 iudico

298 885 409 922 spem
444 874 494 910 de
534 874 657 911 salute
696 872 749 910 rei
788 872 980 922 publicae.
1044 872 1248 922 Significas
1287 872 1392 910 enim
1427 871 1630 921 aliquanto

297 951 410 976 secus
446 952 564 988 quam
604 939 768 985 solebas,
804 946 846 976 ut
885 938 1003 976 etiam
1036 938 1160 985 Italia,
1194 937 1225 975 si
1259 937 1324 975 ille
1358 938 1483 983 cedat,
1516 944 1629 986 putes

297 1004 533 1041 cedendum.
595 1005 716 1052 Quod
740 1017 813 1052 ego
840 1017 913 1041 nec
937 1003 991 1041 rei
1012 1003 1194 1053 publicae
1214 1011 1311 1052 puto
1332 1016 1416 1040 esse
1438 1001 1531 1039 utile
1556 1014 1630 1039 nec

296 1067 428 1106 liberis
459 1067 567 1115 meis,
590 1076 788 1118 praeterea
815 1081 945 1117 neque
971 1075 1120 1105 rectum
1147 1081 1276 1117 neque
1300 1068 1511 1104 honestum
1535 1067 1628 1104 †sed

297 1140 407 1172 cur†.
468 1133 695 1170 ‘Poterisne
722 1132 836 1182 igitur
860 1132 992 1171 videre
1019 1134 1278 1182 tyrannum?'
1327 1131 1450 1180 Quasi
1478 1130 1628 1169 intersit

296 1197 455 1236 audiam
494 1211 544 1235 an
582 1197 748 1243 videam,
782 1205 848 1235 aut
887 1196 1119 1247 locupletior
1157 1196 1253 1234 mihi
1292 1195 1340 1234 sit
1378 1197 1627 1245 quaerendus

296 1270 432 1300 auctor
453 1276 571 1312 quam
599 1263 777 1300 Socrates
799 1261 877 1310 qui,
901 1275 992 1299 cum
1022 1274 1111 1299 xxx
1143 1260 1295 1310 tyranni
1317 1268 1457 1307 essent,
1482 1261 1627 1310 pedem

295 1335 408 1377 porta
446 1341 526 1366 non
565 1327 713 1366 extulit.
781 1328 852 1364 Est
891 1326 987 1364 mihi
1025 1334 1224 1377 praeterea
1263 1326 1472 1376 praecipua
1510 1338 1628 1364 causa

296 1392 493 1431 manendi.
555 1393 617 1430 De
644 1405 721 1441 qua
748 1391 898 1429 utinam
925 1391 1139 1441 aliquando
1167 1399 1297 1429 tecum
1325 1393 1486 1440 loquar!

350 1460 435 1507 Ego
465 1469 543 1495 x111
576 1458 762 1505 Kalend„
789 1471 880 1495 cum
914 1458 1055 1495 eadem
1090 1458 1250 1495 lucerna
1280 1457 1382 1494 hanc
1417 1455 1624 1506 epistulam

294 1522 533 1572 scripsissem
559 1536 637 1572 qua
657 1522 941 1560 inflammaram
963 1530 1084 1569 tuam,
1106 1521 1272 1560 Formiis
1301 1522 1352 1559 ad
1377 1520 1626 1572 Pompeium,

294 1587 325 1625 si
346 1588 396 1626 de
417 1601 513 1638 pace
533 1595 677 1638 agetur,
702 1589 955 1639 profecturus,
980 1587 1011 1625 si
1032 1588 1082 1625 de
1102 1588 1217 1635 bello,
1242 1586 1339 1637 quid
1359 1587 1455 1625 ero?

334 1703 409 1739 111
585 1706 653 1739 Scr.
673 1707 707 1737 in
727 1707 846 1738 Caleno
861 1708 912 1738 xii
924 1708 967 1738 K.
987 1707 1086 1739 Mart.
1106 1719 1137 1738 a.
1162 1717 1216 1746 705
1235 1707 1319 1748 (49).

708 1792 885 1822 CICERO
909 1792 1081 1823 ATTICO
1107 1791 1203 1823 SAL.
1253 1818 1256 1820 ,

347 1863 530 1902 Maximis
569 1871 607 1902 et
646 1863 870 1903 miserrimis
912 1864 1029 1902 rebus
1066 1863 1325 1914 perturbatus,
1359 1875 1449 1900 curn
1488 1875 1621 1900 coram

290 1937 421 1968 tecum
453 1929 547 1967 mihi
577 1937 750 1980 potestas
779 1928 1025 1968 deliberandi
1055 1942 1135 1966 non
1166 1935 1282 1975 esset,
1305 1927 1361 1966 uti
1391 1935 1522 1965 tamen
1553 1934 1622 1966 tuo

333 2044 351 2063 2
371 2037 447 2074 post
469 2039 519 2064 est
539 2035 685 2074 spallam
703 2035 735 2064 in
755 2033 795 2063 M
809 2044 923 2064 novem
941 2033 1122 2063 litter-amm
1141 2031 1477 2071 ztbz'z'nsem‘tdignitas
1493 2031 1622 2061 Wesen-

289 2078 374 2117 berg,
401 2078 584 2108 similitudo
610 2078 703 2115 Reid,
734 2077 859 2117 ἀξίωσις
884 2078 932 2107 Ψί
951 2077 1057 2106 simile
1079 2075 1160 2115 qnid
1191 2075 1293 2106 Orelli
1412 2075 1511 2105 Domi
1537 2074 1621 2106 AI2:

289 2122 401 2151 domui
429 2120 480 2151 M¹
628 2132 664 2151 [ο
690 2123 733 2152 ita
750 2126 785 2151 ut
804 2126 836 2151 tu
856 2132 922 2151 uno
941 2121 1019 2151 coni.
1045 2119 1250 2160 H'vsenberg:
1283 2120 1327 2149 ita
1345 2129 1411 2149 non
1432 2119 1493 2149 M:
1523 2119 1620 2149 sitam

287 2164 383 2196 Man.
497 2176 563 2195 uno
585 2165 618 2195 in
644 2177 684 2196 eo
708 2166 852 2196 Rosius:
877 2175 945 2194 non
964 2175 1038 2194 meo
1056 2164 1097 2193 M
1251 2174 1299 2201 14.
1321 2172 1357 2201 15
1383 2163 1443 2193 sed
1461 2162 1535 2202 cur]
1559 2162 1620 2193 sed

289 2209 425 2247 quaeris
451 2209 529 2239 coni.
557 2208 662 2239 Boot:
689 2210 750 2239 scd
776 2210 860 2238 heus
884 2213 918 2238 tu
945 2208 1022 2238 coni.
1050 2206 1196 2237 Sclzuts:
1220 2207 1354 2236 videtur
1378 2206 1517 2235 Msillcr:
1535 2205 1617 2244 sort.

288 2253 349 2282 sed
368 2257 402 2282 tu
515 2263 555 2282 22
581 2258 701 2290 agetur
723 2253 816 2283 Vz'cl.:
852 2256 1009 2289 ageretur
1025 2251 1067 2280 M
1153 2250 1365 2288 profecturus
1390 2249 1488 2279 Rom.
1509 2261 1516 2279 :
1544 2259 1619 2287 pro-

289 2296 387 2325 sectis
411 2296 487 2327 M¹:
522 2296 694 2335 profectus
721 2296 796 2325 M2':
837 2295 1027 2335 praefectus
1051 2305 1079 2324 v.
1109 2305 1131 2324 c.
1169 2294 1286 2323 Lamb.
1307 2305 1313 2323 ε
1348 2293 1620 2331 promptissimus

289 2339 412 2369 M1'illc1-
497 2341 577 2379 quid
596 2351 654 2369 ero
668 2339 692 2380 2]
717 2340 832 2369 videro
852 2338 933 2368 Pius
956 2349 994 2367 ex
1008 2337 1096 2368 codd.
1116 2337 1187 2367 sm's
1275 2347 1315 2375 25
1341 2347 1414 2366 cum
1437 2335 1528 2366 Viae:
1545 2345 1619 2367 sum

287 2382 377 2414 codd.
513 2385 555 2413 26
580 2388 671 2414 essct
690 2383 745 2412 M¹
761 2395 767 2414 :
794 2387 846 2413 est
863 2383 923 2412 sed
940 2380 1096 2412 EO²M²5
1111 2393 1117 2412 :
1141 2385 1233 2411 essct
1251 2381 1311 2410 sed
1332 2379 1410 2410 O-’R

1653 493 1668 527 5

1653 819 1692 841 10

1649 1141 1685 1174 15

1647 1470 1686 1492 20

1642 1873 1681 1906 25
