1790 2837
114 134 146 172 1.
167 134 214 171 ix
540 134 597 172 M.
630 133 799 171 TVLLI
830 132 1138 172 CICERONIS

214 257 283 293 IX
441 259 511 292 Scr.
531 259 661 290 Romae
677 271 721 290 m.
741 257 840 290 Mart.
859 262 919 290 aut
932 259 1016 300 Apr.
1037 270 1057 290 α
1075 260 1138 299 687
1155 259 1237 302 (67).

587 341 764 374 CICERO
788 341 962 373 ATTICO
988 341 1087 374 SAL.

138 444 154 471 1
226 425 405 465 Nimium
444 439 530 464 raro
568 424 684 464 nobis
715 425 786 463 abs
819 432 856 463 te
887 424 1037 463 litterae
1067 425 1306 473 adferuntur,
1339 439 1431 465 cum
1461 433 1500 466 et

170 493 296 530 multo
321 498 362 529 tu
386 490 537 529 facilius
567 490 735 540 reperias
766 489 832 540 qui
862 491 1033 528 Romam
1063 489 1359 539 proficiscantur
1380 485 1499 542 quam

169 570 243 607 ego
273 556 340 606 qui
361 557 550 603 Athenas,
573 563 611 594 et
642 555 783 594 certius
813 554 884 593 tibi
914 554 963 593 sit
991 568 1054 593 me
1084 568 1169 593 esse
1197 556 1350 594 Romae
1380 570 1499 606 quam

169 621 266 660 mihi
288 630 325 661 te
346 621 525 660 Athenis.
587 623 727 671 Itaque
748 628 906 670 propter
927 621 1029 658 hanc
1050 619 1340 659 dubitationem
1370 635 1498 661 meam

168 687 323 726 brevior
343 688 440 725 haec
462 686 546 737 ipsa
566 686 733 736 epistula
749 693 806 724 est
821 686 940 735 quod,
965 699 1055 724 cum
1083 684 1254 724 incertus
1279 699 1406 725 essem
1431 687 1499 726 ubi

169 766 285 800 esses,
327 752 513 791 nolebam
553 751 663 790 illum
703 758 881 790 nostrum
921 750 1151 789 familiarem
1197 764 1420 790 sermonem
1458 750 1527 801 in{
1564 767 1567 772 ’

167 818 315 856 alienas
337 831 477 855 manus
498 816 693 856 devenire.

124 899 149 926 2
222 883 341 933 Signa
368 882 568 933 Megarica
595 890 633 921 et
664 884 847 930 Hermas,
870 883 921 921 de
950 881 1094 932 quibus
1123 883 1175 920 ad
1204 895 1268 921 me
1297 882 1494 933 scripsisti,

166 950 422 987 vehementer
453 956 649 998 exspecto.
710 947 913 998 Quicquid
943 947 1121 987 eiusdem
1150 947 1301 998 generis
1333 948 1498 987 habebis

1520 896 1560 919 10

167 1013 332 1064 dignum
353 1013 571 1053 Academia
591 1013 662 1052 tibi
689 1014 798 1064 quod
821 1013 1018 1052 videbitur
1047 1027 1097 1052 ne
1126 1012 1316 1051 dubitaris
1346 1013 1499 1053 mittere
1520 1067 1522 1070 ι

167 1087 206 1118 et
226 1093 338 1118 arcae
358 1086 515 1118 nostrae
536 1079 738 1118 confidito.
799 1080 935 1118 Genus
956 1079 1033 1117 hoc
1053 1086 1111 1117 est
1131 1077 1342 1128 voluptatis
1363 1092 1474 1117 meae
1490 1093 1500 1126 ‚-

168 1158 270 1195 quae
290 1144 530 1197 γυμνασιώδη
553 1144 722 1183 maxime
752 1152 852 1191 sunt,
876 1158 923 1183 ea
952 1157 1108 1194 quaero.
1168 1145 1359 1182 Lentulus
1389 1143 1498 1182 navis

168 1223 257 1248 suas
295 1209 512 1260 pollicetur.
590 1211 688 1248 Peto
726 1209 796 1248 abs
835 1217 874 1248 te
912 1216 954 1247 ut
992 1210 1090 1247 haec
1128 1207 1335 1258 diligenter
1373 1221 1494 1248 cures.

167 1274 348 1325 Thyillus
369 1282 406 1314 te
427 1282 536 1326 rogat
556 1282 595 1314 et
615 1288 688 1325 ego
709 1274 793 1313 eius
813 1282 949 1324 rogatu
969 1274 1218 1325 Εὐμολπιδῶν
1237 1274 1384 1325 πάτρια.

209 1383 252 1417 Χ
405 1386 475 1419 Ser.
493 1387 526 1418 in
549 1387 735 1419 Tusculano
752 1391 826 1418 ante
842 1398 887 1419 m.
908 1387 1045 1427 Quintil.
1063 1397 1093 1419 α.
1115 1388 1179 1428 687
1196 1386 1277 1430 (67).

576 1470 749 1502 CICERO
771 1470 954 1502 ATTICO
976 1469 1081 1503 SAL.

129 1567 146 1594 1
223 1555 326 1594 Cum
358 1567 485 1593 essem
524 1553 565 1592 in
596 1555 825 1593 Tusculano
859 1553 946 1604 (erit
978 1555 1054 1593 hoc
1086 1553 1156 1592 tibi
1195 1567 1265 1604 pro
1300 1553 1366 1593 illo
1405 1561 1498 1593 tuo:

170 1620 296 1659 ‘Cum
327 1633 454 1658 essem
485 1618 524 1657 in
556 1619 762 1659 Ceramico
777 1619 801 1669 ')
823 1632 957 1657 verum
984 1626 1115 1657 tamen
1147 1633 1238 1657 cum
1270 1618 1324 1657 ibi
1356 1633 1494 1667 essem,

168 1685 300 1722 Roma
333 1698 430 1734 puer
459 1697 483 1722 a
521 1697 652 1723 sorore
691 1691 757 1722 tua
796 1683 937 1722 missus
977 1684 1184 1733 epistulam
1224 1683 1321 1722 mihi
1354 1685 1424 1722 abs
1459 1692 1497 1723 te

167 1750 339 1788 adlatam
365 1748 475 1788 dedit
504 1748 778 1798 nuntiavitque
809 1763 856 1788 eo
886 1748 972 1799 ipso
1000 1749 1064 1787 die
1084 1756 1174 1799 post
1202 1749 1406 1787 meridiem
1428 1748 1497 1788 itu-

167 1829 254 1853 rum
293 1829 384 1854 eum
424 1815 491 1865 qui
529 1816 580 1853 ad
615 1821 653 1853 te
692 1814 1012 1865 proficisceretur.
1091 1817 1151 1853 Eo
1182 1816 1330 1853 factum
1366 1822 1423 1853 est
1455 1821 1498 1852 ut

167 1880 357 1930 epistulae
388 1887 477 1919 tuae
507 1880 760 1919 rescriberem
787 1880 951 1930 aliquid,
980 1879 1168 1919 brevitate
1198 1879 1386 1929 temporis
1416 1887 1496 1918 tam

167 1959 293 1996 pauca
314 1958 471 1995 cogerer
491 1944 671 1983 scribere.

125 2028 150 2056 2
224 2010 399 2048 Primum
423 2009 494 2049 tibi
518 2011 568 2048 de
598 2018 733 2049 nostro
762 2010 891 2049 amico
920 2011 1115 2060 placando
1144 2017 1211 2049 aut
1235 2010 1352 2049 etiam
1380 2012 1496 2061 plane

167 2075 411 2114 restituendo
450 2075 648 2125 polliceor.
723 2076 845 2124 Quod
884 2089 956 2125 ego
995 2075 1066 2113 etsi
1105 2089 1193 2114 mea
1230 2083 1372 2125 sponte
1405 2084 1496 2114 ante

166 2140 371 2187 faciebam,
394 2154 442 2179 eo
463 2154 568 2179 nunc
590 2148 722 2179 tamen
747 2148 785 2179 et
811 2154 924 2190 agam
950 2140 1163 2179 studiosius
1190 2148 1228 2180 et
1255 2142 1495 2179 contendam

165 2206 216 2245 ab
251 2205 318 2244 illo
349 2205 632 2253 vehementius,
660 2206 769 2255 quod
801 2212 950 2243 tantam
979 2219 1026 2244 ex
1056 2205 1222 2255 epistula
1250 2206 1495 2244 voluntatem

214 2320 251 2340 12
277 2309 440 2340 dubitaris
458 2308 560 2340 CMs:
585 2309 719 2340 dubites
736 2309 907 2340 ENHOP
1060 2319 1097 2348 15
1122 2310 1305 2349 diligenter
1321 2319 1418 2340 cures
1443 2313 1470 2338 Δ
1487 2321 1494 2340 :

166 2363 264 2384 cures
289 2354 467 2392 diligenter
484 2356 506 2383 Σ
662 2364 702 2383 22
729 2354 849 2384 iturum
873 2351 912 2384 Zl
929 2363 1010 2384 v.c.:
1036 2354 1215 2384 missurum
1232 2353 1292 2384 M:
1316 2353 1492 2384 missuram

170 2395 245 2428 Vt'ct.
380 2407 420 2435 23
445 2407 521 2427 cum
538 2397 606 2427 secl.
624 2395 756 2427 Ernesti

1521 1220 1557 1253 15

1518 1634 1558 1656 20

1518 1959 1556 1992 ²5

1775 1164 1790 1549 —÷x=.:‡=-=m„
1784 1098 1790 1162 “—
