1817 2832
710 113 821 150 EPP.
852 112 930 150 AD
959 106 1219 151 ATTICVM
1447 110 1565 148 VIII.
1589 109 1678 147 xiD

255 287 306 326 ab
326 287 515 326 Aesernia
534 289 584 326 de
605 301 652 327 eo
674 289 781 337 quod
801 288 1000 326 audieram
1021 288 1233 326 referretur.

309 354 363 390 At
387 352 494 401 mihi,
517 366 607 391 cum
635 353 796 392 Calibus
826 366 963 400 essem,
985 354 1156 391 adfertur
1185 352 1398 390 litterarum
1428 358 1581 390 tuarum
1602 361 1627 400 3

256 419 480 467 exemplum
507 431 603 467 quas
630 425 672 455 tu
701 418 752 455 ad
780 419 990 456 Lentulum
1017 418 1220 455 consulem
1251 416 1432 454 misisses.
1493 417 1584 453 Hae

32 502 35 523 ι
217 496 236 530 5
257 482 422 532 scriptae
451 481 505 520 sic
535 490 654 529 erant,
677 482 821 520 litteras
848 481 918 520 tibi
942 495 965 519 a
989 483 1031 519 L.
1057 481 1233 519 Domitio
1262 495 1295 519 a.
1325 482 1361 519 d.
1385 492 1462 518 xm
1494 481 1581 517 Kal.

24 525 36 1002 Ι
258 546 420 585 Martias
449 548 598 585 adlatas
629 560 714 585 esse
744 547 973 596 (earumque
1001 547 1225 595 exemplum
1256 544 1584 595 subscripseras);

31 187 43 500 'i
255 220 439 273 processi,
462 230 504 261 ut
524 222 578 261 ibi
605 222 851 273 potissimum
881 222 1146 269 consisterem,
1169 223 1265 261 dum
1292 228 1441 260 certum
1468 220 1583 260 nobis

256 611 467 662 magnique
506 611 692 650 interesse
731 611 784 649 rei
817 611 998 661 publicae
1035 610 1243 660 scripseras
1282 609 1410 648 omnis
1449 609 1583 658 copias

255 675 383 726 primo
421 689 580 726 quoque
611 684 787 726 tempore
825 675 865 713 in
903 689 1025 713 unum
1060 677 1191 713 locum
1225 674 1434 713 convenire
1466 682 1504 712 et
1542 681 1585 712 ut

256 740 451 790 praesidio
482 741 590 790 quod
628 740 719 778 satis
757 748 859 779 esset
893 741 1053 790 Capuae
1091 739 1336 790 relinqueret.
1396 739 1473 777 His
1512 752 1584 789 ego

199 821 238 845 10
256 805 392 844 litteris
430 805 540 844 lectis
578 805 618 843 in
657 807 796 844 eadem
835 805 1021 855 opinione
1059 804 1114 842 fui
1151 818 1230 854 qua
1261 803 1398 854 reliqui
1433 817 1582 851 omnes,

257 878 295 908 te
324 883 415 908 cum
445 870 629 909 omnibus
654 870 776 920 copiis
805 871 855 908 ad
883 869 1101 909 Corfinium
1129 882 1213 908 esse
1242 876 1474 916 venturum3
1503 881 1584 918 quo

257 934 364 981 mihi,
396 948 486 973 curn
517 936 661 974 Caesar
689 936 739 973 ad
769 934 960 985 oppidum
990 942 1113 973 castra
1147 934 1319 982 haberet,
1351 941 1479 971 tutum
1513 934 1584 972 iter

256 1012 341 1038 esse
361 1013 442 1037 non
461 999 684 1038 arbitrabar.

311 1065 414 1103 Cum
445 1078 504 1103 res
530 1064 570 1102 in
600 1078 754 1103 summa
782 1064 1071 1115 exspectatione
1100 1071 1211 1111 esset,
1235 1072 1445 1113 utrumque
1469 1063 1585 1102 simul

199 1138 237 1172 15
256 1128 489 1176 audivimus,
512 1137 549 1167 et
570 1143 670 1179 quae
691 1129 840 1169 Corfini
859 1137 947 1167 acta
965 1136 1095 1167 essent
1115 1137 1153 1167 et
1179 1137 1217 1167 te
1238 1128 1309 1166 iter
1330 1128 1584 1166 Brundisium

256 1194 383 1231 facere
412 1193 614 1243 coepisse,
641 1207 812 1244 cumque
836 1208 908 1233 nec
938 1194 1033 1231 mihi
1062 1208 1135 1232 nec
1165 1193 1269 1231 fratri
1298 1207 1387 1231 meo
1417 1192 1584 1231 dubium

256 1266 358 1297 esset
404 1259 498 1309 quin
539 1259 791 1298 Brundisium
835 1261 1175 1306 contenderemus,
1214 1272 1238 1296 a
1280 1258 1411 1296 multis
1457 1257 1523 1308 qui
1563 1272 1584 1296 e

257 1323 418 1361 Samnio
439 1323 662 1374 Apuliaque
682 1323 891 1362 veniebant
917 1323 1109 1362 admoniti
1131 1336 1265 1361 sumus
1290 1331 1331 1360 ut
1359 1336 1584 1362 caveremus

256 1401 307 1426 ne
327 1388 593 1437 exciperemur
616 1402 639 1426 a
663 1389 840 1435 Caesare,
863 1389 971 1438 quod
995 1388 1026 1426 is
1053 1388 1092 1425 in
1120 1389 1259 1426 eadem
1284 1389 1371 1426 loca
1391 1400 1492 1436 quae
1512 1400 1584 1425 nos

199 1463 238 1486 20
256 1452 487 1502 petebamus
508 1454 705 1502 profectus
735 1453 897 1491 celerius
924 1452 1040 1490 etiam
1068 1466 1187 1502 quam
1214 1465 1286 1490 nos
1310 1465 1515 1502 possemus
1536 1465 1584 1491 eo

255 1529 336 1566 quo
365 1516 585 1556 intenderet
614 1526 799 1556 venturus
829 1526 939 1556 esset.
999 1518 1120 1565 Quod
1154 1530 1245 1555 cum
1279 1516 1333 1554 ita
1365 1523 1477 1563 esset,
1510 1529 1585 1555 nec

255 1580 352 1618 mihi
381 1594 454 1619 nec
483 1581 587 1619 fratri
617 1595 707 1620 meo
737 1595 809 1620 nec
838 1581 1022 1631 cuiquam
1051 1581 1267 1619 amicorum
1301 1580 1448 1630 placuit
1481 1594 1585 1618 com-

254 1644 408 1684 mittere
438 1653 480 1683 ut
509 1646 705 1684 temeritas
733 1654 865 1684 nostra
890 1659 971 1683 non
998 1647 1124 1683 solum
1152 1645 1267 1683 nobis
1291 1646 1361 1683 sed
1388 1644 1505 1683 etiam
1530 1644 1584 1683 rei

255 1709 437 1759 publicae
475 1718 645 1757 noceret,
679 1724 770 1749 cum
802 1710 1027 1760 praesertim
1058 1723 1139 1747 non
1170 1709 1439 1747 dubitaremus
1474 1709 1581 1758 quin,

196 1785 235 1816 25
257 1773 288 1811 si
319 1773 436 1812 etiam
468 1782 594 1812 tutum
630 1774 745 1813 nobis
778 1774 850 1813 iter
880 1774 1024 1822 fuisset,
1056 1782 1094 1813 te
1125 1782 1258 1813 tamen
1287 1774 1363 1811 iam
1394 1773 1583 1823 consequi

254 1852 335 1877 non
364 1852 579 1888 possemus.

310 1903 472 1942 Interim
492 1904 716 1954 accepimus
738 1912 823 1942 tuas
844 1904 989 1943 litteras
1010 1904 1184 1944 Canusio
1205 1916 1238 1941 a.
1254 1904 1292 1942 d.
1307 1915 1335 1941 x
1353 1905 1402 1941 K.
1421 1902 1583 1942 Martias
1602 1912 1629 1949 4

254 1968 376 2015 datas,
399 1968 542 2017 quibus
563 1982 635 2006 nos
656 1968 819 2006 hortaris
839 1976 882 2006 ut
901 1968 1064 2007 celerius
1092 1967 1346 2006 Brundisium
1366 1967 1580 2006 veniamus.

256 2033 366 2080 Quas
395 2046 485 2070 cum
514 2032 801 2082 accepissemus
830 2046 862 2071 a.
895 2034 930 2071 d.
964 2046 1009 2071 111
1042 2035 1091 2071 K.
1125 2032 1298 2080 Martias,
1321 2046 1401 2070 non
1432 2032 1584 2070 dub-ita-

196 2108 238 2140 30
257 2096 395 2135 bamus
426 2096 520 2146 quin
549 2104 590 2134 tu
619 2096 696 2134 iam
728 2097 977 2135 Brundisium
1009 2097 1261 2147 pervenisses,
1284 2096 1479 2146 nobisque
1511 2097 1583 2136 iter

22 1053 30 1109 ...-
24 1006 30 1045 ,κῃ

300 2200 317 2228 7
343 2189 528 2228 scripseras
552 2189 621 2220 secl.
653 2189 744 2219 Cobet
888 2200 909 2228 9
933 2190 1102 2228 praesidio
1130 2189 1217 2220 codd.
1248 2188 1388 2219 Mz‘iller:
1423 2189 1581 2228 praesidii

255 2233 456 2273 vulg„soste
473 2236 554 2267 mete,
574 2233 612 2272 cf.
632 2233 699 2263 viii.
718 2234 747 2264 6.
765 2233 858 2272 2fin.
1007 2243 1044 2271 15
1069 2233 1258 2263 audivimus
1281 2232 1400 2263 Rom.:
1427 2233 1580 2263 audimus

255 2276 315 2306 M:
348 2276 514 2306 audiimus
538 2275 726 2316 Wesenberg
869 2287 907 2315 19
931 2277 1168 2316 exciperemur
1192 2276 1245 2306 M²
1266 2276 1400 2306 Nonius
1422 2286 1496 2314 293.
1516 2286 1580 2306 22:

256 2319 492 2358 exciperemus
510 2318 561 2349 Ml
651 2329 689 2349 21
718 2320 912 2351 intenderet
924 2320 1024 2351 Rom.
1037 2320 1056 2350 I
1071 2331 1078 2350 ε
1099 2320 1292 2350 intenderat
1303 2319 1440 2350 MCrat.
1455 2319 1577 2350 Lamb.

255 2373 296 2402 27
321 2362 454 2393 interim
473 2362 519 2394 C:
544 2363 624 2394 inde
640 2362 748 2403 primo
765 2363 806 2393 M
