1817 2832
130 128 246 166 IV.v
285 163 292 165 „
443 139 450 143 ·
609 125 665 162 M.
697 124 866 161 TVLLI
897 123 1204 163 CICERONIS

242 243 407 287 possunt
437 235 462 273 ii
495 248 557 273 me
584 235 725 273 nolunt
748 247 891 281 amare,
920 235 1060 272 demus
1090 247 1250 284 operam
1281 243 1324 273 ut
1353 236 1403 274 ab
1431 235 1476 274 iis
1507 234 1574 285 qui

199 308 408 352 3possunt
447 299 666 350 diligamur.
741 298 861 337 Dices
906 300 1081 337 ‘Vellem
1122 299 1199 337 iam
1237 300 1414 350 pridem.’
1484 300 1574 339 Scio

243 374 281 404 te
301 365 470 404 voluisse
498 373 535 402 et
564 378 627 403 me
653 364 808 402 asinum
829 378 1060 414 germanum
1081 364 1209 403 fuisse.
1270 367 1348 404 Sed
1375 365 1452 404 iam
1481 373 1575 404 tem-

241 443 314 480 pus
335 437 392 468 est
415 443 478 467 me
499 429 628 479 ipsum
652 442 675 467 a
700 442 764 468 me
789 428 922 476 amari,
953 430 1115 479 quando
1140 430 1191 467 ab
1218 429 1292 468 illis
1322 432 1432 469 nullo
1452 432 1575 469 modo

241 507 413 545 possum.
1595 507 1610 537 5

296 561 473 597 Domum
496 572 625 597 meam
646 559 755 609 quod
776 559 914 597 crebro
930 558 1063 597 invisis
1085 567 1142 597 est
1164 559 1259 597 mihi
1275 561 1390 598 valde
1409 568 1572 610 gratum.

241 623 439 662 Viaticum
463 623 665 674 Crassipes
692 624 886 674 praeripit.
947 626 1009 662 Tu
1034 626 1106 663 ‘de
1132 624 1195 662 via
1218 633 1324 662 recta
1349 624 1390 662 in
1417 626 1576 664 hortos.'

242 688 408 727 Videtur
442 688 694 727 commodius
725 690 776 728 ad
807 697 869 737 teg
903 689 1092 739 postridie
1123 689 1297 737 scilicet3
1340 689 1436 739 quid
1470 689 1576 728 enim

241 755 339 792 tua?
409 755 487 793 Sed
526 753 749 792 viderimus.
811 753 1100 792 Bibliothecam
1138 753 1235 792 mihi
1274 753 1330 792 tui
1368 754 1577 805 pinxerunt

241 818 534 858 constructione
564 825 602 858 et
632 818 790 868 sillybis.
850 820 931 857 Eos
960 818 1078 857 velim
1107 819 1255 858 laudes.
1600 835 1637 858 10

284 967 352 1003 VI
485 970 554 1003 Ser.
572 971 607 1002 in
624 970 760 1002 Antiati
778 981 823 1002 m.
842 970 876 1001 A
876 975 929 1011 pr.
950 974 1008 1001 aut
1025 969 1106 1002 Mai.
1125 981 1156 1002 a.
1177 972 1243 1012 698
1262 972 1347 1013 (56).

665 1058 841 1090 CICERO
865 1058 1037 1090 ATTICO
1064 1058 1161 1091 SAL.

210 1160 228 1188 1
300 1149 361 1187 De
383 1148 554 1187 Lentulo
574 1146 723 1185 scilicet
749 1146 804 1184 sic
824 1147 906 1185 fero
935 1154 977 1184 ut
998 1147 1138 1185 debeo.
1194 1146 1333 1186 Virum
1362 1147 1512 1187 bonum
1539 1154 1578 1187 et

245 1225 431 1262 magnum
461 1211 665 1250 hominem
690 1219 728 1250 et
754 1210 794 1249 in
824 1225 980 1250 summa
1003 1211 1275 1262 magnitudine
1303 1213 1424 1252 animi
1454 1215 1578 1253 multa

244 1277 489 1317 humanitate
527 1284 787 1328 temperatum
821 1276 1065 1327 perdidimus
1099 1291 1252 1327 nosque
1286 1281 1391 1317 malo
1429 1279 1577 1318 solacio
1598 1297 1634 1328 15

245 1345 316 1383 sed
336 1357 417 1382 non
438 1344 548 1381 nullo
568 1350 700 1381 tamen
728 1343 980 1381 consolamur
999 1343 1108 1392 quod
1125 1342 1246 1393 ipsius
1266 1343 1392 1382 vicem
1414 1344 1578 1384 minime

246 1410 439 1455 dolemus,
462 1421 543 1446 non
570 1414 612 1445 ut
642 1407 821 1445 Saufeius
842 1414 880 1445 et
900 1406 1017 1445 vestri
1038 1409 1108 1446 sed
1134 1421 1197 1446 me
1221 1409 1380 1447 hercule
1407 1409 1499 1459 quia
1523 1408 1579 1448 sic

246 1474 404 1515 amabat
434 1472 599 1523 patriam
629 1479 671 1510 ut
702 1471 797 1509 mibi
826 1471 960 1522 aliquo
989 1473 1155 1511 deorum
1186 1473 1381 1512 beneficio
1401 1474 1579 1512 videatur

248 1552 294 1577 ex
326 1538 409 1576 eius
441 1536 627 1575 incendio
658 1550 743 1575 esse
775 1544 941 1586 ereptus.
1002 1538 1106 1576 Nam
1136 1537 1233 1587 quid
1262 1538 1417 1577 foedius
1446 1546 1579 1577 nostra

248 1603 336 1649 vita,
360 1602 570 1653 praecipue
591 1603 708 1640 mea?
765 1603 870 1639 Nam
892 1609 933 1639 tu
955 1601 1128 1651 quidem,
1151 1601 1223 1640 etsi
1251 1616 1292 1640 es
1318 1610 1457 1641 natura
1475 1607 1579 1642 πολι·
1598 1622 1638 1644 20

247 1669 357 1715 τικός,
386 1675 518 1706 tamen
549 1668 697 1706 nullam
727 1667 849 1704 habes
878 1666 1076 1716 propriam
1107 1667 1343 1713 servitutem,
1376 1668 1579 1707 communi

205 1745 231 1773 2
250 1733 385 1772 frueris
414 1731 600 1779 nomine3
629 1745 703 1782 ego
722 1745 814 1770 vero
835 1731 912 1781 qui,
936 1731 967 1769 si
987 1732 1128 1781 loquor
1147 1733 1198 1769 de
1224 1745 1264 1770 re
1290 1732 1450 1782 publica
1470 1735 1578 1783 quod

249 1805 413 1849 oportet,
438 1797 608 1843 insanus,
627 1796 658 1835 si
679 1798 788 1846 quod
809 1809 908 1846 opus
929 1803 997 1843 est,
1016 1810 1149 1834 servus
1170 1796 1377 1844 existimor,
1402 1798 1432 1836 si
1454 1806 1576 1847 taceo,

249 1876 458 1914 oppressus
489 1869 527 1901 et
558 1869 707 1912 captus,
741 1875 822 1912 quo
855 1862 992 1900 dolore
1025 1875 1111 1899 esse
1142 1862 1303 1900 debeo?
1361 1864 1453 1911 Quo
1492 1877 1578 1901 sum

249 1927 408 1974 scilicet,
431 1929 508 1966 hoc
531 1926 649 1966 etiarn
674 1926 822 1965 acriore
847 1928 955 1976 quod
982 1940 1033 1965 ne
1060 1927 1194 1965 dolere
1224 1927 1386 1977 quidem
1417 1942 1578 1978 possum
1602 1945 1636 1976 25

294 2043 311 2071 7
336 2032 387 2062 Tu
409 2034 416 2049 ⁴
442 2033 484 2062 de
510 2032 563 2061 via
590 2035 684 2061 recta
715 2031 746 2060 in
776 2030 916 2061 hortos.’
940 2030 1063 2070 Tyrrell
1092 2041 1157 2070 qua
1189 2032 1311 2061 ratione
1338 2031 1423 2062 codd.
1457 2032 1585 2072 defendi

246 2080 387 2117 possunt
402 2087 408 2106 ε
433 2075 542 2105 Tullia
560 2076 601 2105 de
619 2075 672 2104 via
691 2079 782 2104 recta
801 2075 832 2104 in
853 2076 969 2104 hortos
985 2075 1061 2104 coni.
1084 2074 1208 2105 Sclzutz
1294 2076 1315 2105 8
1331 2075 1476 2106 Videtur
1491 2088 1579 2107 com-

251 2120 384 2151 modius
401 2120 441 2150 ad
458 2124 510 2149 te:
538 2118 702 2158 postridie
721 2118 834 2147 Hister
858 2117 999 2153 Tyrrcll:
1025 2117 1168 2148 Videtur
1187 2119 1406 2151 commodius.
1464 2119 1517 2150 Ad
1546 2126 1579 2151 te

252 2163 415 2203 postridie
435 2162 559 2193 Scliz'itz
694 2171 733 2192 10
756 2161 1009 2191 constructione
1036 2161 1093 2191 ill:
1134 2163 1378 2195 constrictione
1402 2162 1582 2203 Hertzberg

252 2208 382 2246 sillybis
401 2207 578 2237 Graevius:
604 2206 648 2236 sit
666 2205 756 2243 tybis
775 2204 828 2234 Μι
847 2216 853 2235 :
886 2205 913 2234 si
931 2205 1051 2235 scribis
1070 2205 1126 2234 M2
1142 2216 1147 2235 :
1175 2206 1312 2244 sittybis
1333 2206 1407 2237 Vict.
1542 2208 1579 2237 18

252 2251 364 2290 aliquo
391 2252 528 2280 deorum
556 2250 606 2279 E:
641 2249 766 2287 aliquid
799 2259 914 2278 corum
940 2248 1015 2279 M¹:
1041 2249 1180 2279 deorum
1208 2249 1260 2278 Mt
1394 2260 1434 2279 22
1460 2250 1580 2281 frueris

254 2296 392 2324 nomine
406 2294 511 2323 Pius:
538 2293 643 2323 fueris
661 2302 776 2322 nonne
794 2290 850 2322 M:
875 2292 981 2322 uteris
999 2293 1137 2323 nomine
1148 2292 1296 2332 Kayser:
1313 2294 1422 2324 servis
1443 2294 1580 2323 nomine

258 2337 464 2377 Wesenberg:
499 2340 534 2366 tu
559 2337 626 2367 eris
651 2335 850 2367 condicione
874 2335 973 2366 Klotz
1150 2347 1188 2376 24
1209 2337 1306 2377 prius
1327 2347 1395 2377 quo
1412 2336 1579 2368 ENHM:

253 2391 318 2412 om.
338 2380 402 2411 OF
