1817 2832
704 133 816 170 EPP.
847 134 925 170 AD
956 133 1214 172 ATTICVM
1580 135 1687 172 VLi

286 249 345 281 est
366 243 417 281 ad
438 244 678 284 Πολυκλέους
705 245 921 282 Herculem
946 244 1175 294 inscriptum
1203 251 1261 283 est
1281 256 1463 292 CONSVL3
1492 258 1611 294 quam

286 319 371 345 esse
399 306 577 346 eiusdem
608 316 740 355 status,
769 308 945 355 amictus,
975 311 1125 355 anulus,
1156 309 1285 359 imago
1315 309 1399 359 ipsa
1427 311 1609 348 declarat.

284 373 338 409 At
365 385 428 410 me
455 373 612 411 hercule
639 386 722 423 ego,
749 387 839 411 cum
866 373 907 411 in
934 381 1061 411 turma
1084 373 1346 412 inauratarum
1372 374 1611 424 equestrium

285 449 382 486 quas
412 436 474 475 hic
504 439 688 476 Metellus
723 437 761 475 in
793 438 989 488 Capitolio
1018 438 1149 487 posuit
1177 439 1540 478 animadvertissem
1570 440 1610 477 in

247 513 265 544 5
285 501 508 551 Serapionis
535 502 821 552 subscriptione
841 502 1014 540 Africani
1035 502 1256 553 imaginem,
1280 511 1447 542 erratum
1474 504 1609 543 fabrile

284 566 427 616 putavi,
452 581 557 605 nunc
578 567 693 605 video
716 567 878 605 Metelli.
939 568 974 605 O
1003 570 1268 618 ἀνιστορησίαν
1288 575 1439 618 turpem
1458 572 1464 607 l
1504 570 1608 607 Nam
1628 572 1673 610 18

284 631 380 669 illud
401 633 451 670 de
474 631 607 670 Flavio
631 639 669 670 et
689 631 805 678 fastis,
830 632 861 670 si
888 646 1000 670 secus
1028 640 1096 679 est,
1120 646 1333 672 commune
1358 641 1525 672 erratum
1551 642 1609 672 est

285 703 323 733 et
357 703 398 733 tu
432 697 534 735 belle
575 697 766 746 ἠπόρησας
803 704 841 735 θῖ
879 710 952 734 nos
985 697 1184 746 publicam
1219 711 1341 747 prope
1379 698 1609 748 opinionem

285 761 407 798 secuti
429 775 576 807 sumus,
593 769 634 799 ut
656 763 778 799 multa
796 763 902 812 apud
924 763 1109 800 Graecos.
1167 762 1267 811 Quis
1288 762 1392 801 enim
1413 776 1494 801 non
1514 763 1611 801 dixit

227 838 267 862 10
284 828 451 865 Εὔπολιν
478 828 542 865 τὸν
569 830 634 876 τῆς
659 828 814 878 ἀρχαίας
838 827 888 865 ab
909 827 1116 866 Alcibiade
1140 827 1347 877 navigante
1374 827 1414 865 in
1439 827 1610 866 Siciliam

283 891 482 930 deiectum
516 906 599 931 esse
638 892 678 930 in
712 894 846 931 mare?
894 892 1110 942 Redarguit
1144 894 1450 941 Eratosthenes3
1486 895 1611 932 adfert

283 956 389 994 enim
428 970 525 1007 quas
564 957 628 995 ille
666 965 755 1007 post
793 957 834 995 id
867 964 1022 1007 tempus
1060 958 1211 995 fabulas
1250 957 1436 996 docuerit.
1501 959 1609 996 Num

283 1021 430 1060 idcirco
452 1021 569 1060 Duris
598 1022 762 1069 Samius,
785 1023 907 1060 homo
934 1021 973 1059 in
1002 1022 1163 1060 historia
1189 1022 1364 1072 diligens,
1389 1023 1497 1072 quod
1517 1036 1608 1060 cum

283 1087 415 1125 multis
442 1087 589 1133 erravit,
613 1087 830 1126 inridetur?
878 1087 978 1135 Quis
1005 1089 1216 1125 Zaleucum
1237 1088 1341 1137 leges
1364 1087 1497 1126 Locris
1521 1086 1608 1125 scri-

226 1162 264 1197 15
282 1151 405 1201 psisse
439 1166 519 1190 non
553 1152 678 1190 dixit?
728 1154 835 1190 Num
865 1151 979 1201 igitur
1007 1151 1107 1189 iacet
1131 1153 1427 1201 Theophrastus
1458 1151 1488 1189 si
1518 1153 1557 1190 id
1587 1166 1609 1190 a

282 1216 448 1255 Timaeo
473 1224 541 1255 tuo
562 1216 740 1255 familiari
769 1230 995 1266 reprensum
1017 1218 1104 1254 est?
1147 1217 1225 1255 Sed
1245 1216 1395 1255 nescire
1419 1230 1607 1267 proavum

282 1295 396 1320 suum
426 1295 630 1320 censorem
661 1296 742 1321 non
772 1281 890 1320 fuisse
921 1289 1032 1331 turpe
1061 1288 1130 1328 est,
1152 1281 1378 1331 praesertim
1405 1294 1495 1319 cum
1520 1288 1609 1331 post

282 1359 372 1384 eum
393 1348 596 1385 consulem
619 1360 737 1386 nemo
758 1346 964 1386 Cornelius
986 1346 1052 1383 illo
1073 1345 1160 1384 vivo
1181 1359 1320 1383 censor
1339 1345 1464 1384 fuerit.

337 1412 457 1459 Quod
488 1412 538 1449 de
570 1411 784 1450 Philotimo
822 1419 860 1450 et
891 1412 941 1449 de
973 1410 1167 1449 solutione
1202 1412 1273 1448 HS
1307 1421 1422 1447 XXDc
1460 1410 1605 1457 scribis,
1627 1418 1676 1455 19

225 1488 264 1509 20
283 1475 538 1513 Philotimum
565 1476 716 1514 circiter
748 1477 834 1514 Kal.
866 1475 1065 1514 Ianuarias
1099 1475 1139 1512 in
1171 1476 1462 1514 Chersonesum
1488 1475 1608 1513 audio

281 1540 446 1579 venisse.
502 1544 555 1579 At
577 1542 629 1579 mi
653 1542 703 1580 ab
728 1555 775 1580 eo
799 1541 895 1579 nihil
920 1542 1060 1579 adhuc.
1121 1540 1290 1590 Reliqua
1310 1554 1398 1578 mea
1418 1540 1607 1579 Camillus

280 1604 413 1643 scribit
447 1619 487 1644 se
520 1606 731 1656 accepisse.
794 1609 852 1644 Ea
885 1619 986 1655 quae
1021 1605 1097 1643 sint
1128 1604 1261 1643 nescio
1295 1611 1333 1642 et
1365 1618 1463 1643 aveo
1496 1604 1603 1642 scire.

278 1670 427 1707 Verum
458 1672 555 1709 haec
584 1671 777 1720 posterius
807 1679 845 1709 et
874 1684 1006 1709 coram
1036 1671 1198 1708 fortasse
1227 1669 1485 1707 commodius.

335 1736 439 1773 Illud
460 1749 533 1782 me,
558 1736 611 1774 mi
631 1735 772 1783 Attice,
796 1735 836 1773 in
860 1743 1032 1774 extrema
1055 1736 1133 1772 fere
1153 1741 1261 1784 parte
1288 1733 1476 1783 epistulae
1502 1747 1606 1772 com-
1624 1741 1679 1771 20

223 1814 260 1845 25
280 1799 426 1847 movit3
464 1801 600 1839 scribis
634 1801 739 1839 enim
775 1800 839 1847 sic,
877 1802 925 1838 Τί
953 1801 1108 1843 λοιπόν,·
1148 1798 1293 1837 deinde
1327 1811 1391 1836 me
1425 1799 1605 1837 obsecras

279 1865 545 1904 amantissime
573 1879 622 1904 ne
649 1865 855 1904 obliviscar
874 1865 1031 1915 vigilare
1055 1872 1093 1903 et
1114 1871 1156 1902 ut
1176 1863 1483 1901 animadvertam
1505 1876 1605 1913 quae

279 1929 383 1967 fiant.
444 1931 551 1967 Num
582 1929 677 1979 quid
705 1931 755 1968 de
779 1943 858 1979 quo
887 1929 1102 1968 inaudisti?
1151 1928 1236 1966 Etsi
1262 1927 1359 1965 nihil
1385 1927 1468 1966 eius
1494 1927 1604 1966 modi

278 2001 337 2030 est
351 2008 360 2040 3
389 1998 535 2032 πολλοῦ
560 2013 603 2046 γε
631 1995 689 2032 καὶ
715 1995 778 2033 δεῖ.
836 1995 922 2032 Nec
948 1993 1053 2032 enim
1081 2006 1144 2031 me
1171 1992 1369 2031 fefellisset
1390 2005 1462 2030 nec
1484 1993 1600 2030 fallet.

280 2058 357 2095 Sed
396 2058 468 2097 ista
505 2059 723 2098 admonitio
763 2066 829 2097 tua
866 2066 946 2096 tam
984 2065 1165 2096 accurata
1203 2057 1337 2095 nescio
1376 2056 1472 2106 quid
1506 2056 1603 2094 mihi

221 2135 260 2165 30
279 2121 495 2172 significare
524 2124 604 2161 visa
633 2132 700 2162 est.

335 2190 396 2227 De
422 2190 477 2226 M.
501 2189 667 2227 Octavio
694 2189 833 2227 iterum
860 2188 937 2226 iam
964 2187 1035 2226 tibi
1061 2186 1231 2225 rescribo
1258 2193 1296 2225 te
1322 2186 1376 2224 illi
1399 2186 1523 2236 probe
1548 2199 1603 2225 re·
1622 2198 1668 2228 21

324 2302 336 2322 1
364 2291 511 2332 CONSVL]
536 2302 620 2323 εΕΝε
650 2292 788 2331 ijrrell:
826 2291 898 2328 sort.
925 2301 984 2321 cos
1009 2300 1092 2321 cssxs
1243 2301 1261 2319 2
1285 2288 1374 2330 ipsa]
1399 2289 1473 2320 ln'nc
1493 2290 1604 2330 incipit

277 2346 386 2365 mmm
407 2346 422 2365 e
435 2336 637 2376 fragment&
653 2335 761 2365 codicis
782 2333 1065 2375 W'urcebmgensis
1084 2334 1159 2373 (W)
1174 2333 1264 2372 quod
1277 2333 1324 2363 ad
1336 2343 1364 2364 2.
1389 2343 1402 2363 1
1423 2333 1600 2375 (venisset)

271 2379 415 2419 procedit
545 2389 585 2408 22
610 2389 692 2409 aveo
710 2382 778 2409 vett.
797 2389 803 2408 :
827 2379 933 2408 haveo
955 2378 1012 2408 W:
1040 2378 1149 2408 habeo
1165 2376 1222 2408 N:
1245 2377 1286 2407 ab
1303 2386 1344 2407 eo
1362 2375 1403 2406 M
