1817 2832
169 132 217 169 V.
242 142 301 169 xx
647 136 703 172 M.
735 136 902 174 TVLLI
934 135 1240 175 CICERONIS

273 245 402 292 credo,
438 245 560 284 voluit
598 246 862 296 appellatione
897 248 970 286 hac
1002 247 1108 286 inani
1140 248 1256 287 nobis
1294 262 1378 288 esse
1417 262 1495 300 par.
1556 250 1604 287 In

272 312 413 349 eodem
436 314 593 350 Amano
624 313 754 363 coepit
784 314 972 352 loreolam
1003 314 1042 352 in
1067 323 1269 354 mustaceo
1296 329 1491 365 quaerere.
1550 317 1604 353 At

270 374 333 413 ille
355 377 558 415 cohortem
580 377 746 428 primam
772 386 894 417 totam
922 380 1093 429 perdidit
1113 380 1464 430 centurionemque
1487 379 1602 430 primi

268 442 337 491 pili
376 443 550 481 nobilem
592 443 650 481 sui
683 445 835 494 generis
871 445 1054 483 Asinium
1088 448 1315 484 Dentonem
1354 453 1392 484 et
1430 446 1600 495 reliquos

268 508 441 547 cohortis
480 508 658 547 eiusdem
701 517 739 548 et
785 511 870 548 Sex.
912 510 1121 557 Lucilium,
1161 513 1206 549 T.
1250 510 1349 549 Gavi
1388 510 1637 561 Caepionis5

268 573 474 624 locupletis
509 581 546 612 et
581 575 779 624 splendidi
815 575 985 613 hominis
1017 576 1151 623 filium,
1185 576 1386 614 tribunum
1418 576 1597 614 militum.

226 646 250 685 5
269 640 371 677 Sane
391 640 545 689 plagam
568 639 747 678 odiosam
768 648 973 690 acceperat
994 655 1085 679 curn
1106 655 1146 679 re
1167 648 1250 678 tum
1271 648 1460 691 tempore.
1514 643 1601 679 Nos

267 705 318 742 ad
350 703 639 752 Pindenissum,
674 707 782 755 quod
812 706 1004 756 oppidum
1034 706 1341 744 munitissimum
1373 707 1602 745 Eleuthero-

267 768 424 807 cilicum
451 769 628 808 omnium
658 771 849 809 memoria
876 771 915 809 in
946 771 1063 809 armis
1089 771 1169 809 fuit.
1231 771 1317 809 Feri
1348 771 1530 810 homines
1562 779 1600 810 et

266 847 373 872 acres
396 842 432 872 et
454 835 639 874 omnibus
660 837 776 874 rebus
803 838 854 874 ad
876 838 1173 875 defendendum
1200 837 1332 887 parati.
1393 836 1599 876 Cinximus
1624 854 1659 876 10

266 900 368 937 vallo
389 907 426 937 et
447 901 574 948 fossa,
603 914 741 950 aggere
763 901 945 948 maximo,
968 901 1102 948 vineis,
1121 910 1224 940 turre
1243 901 1441 948 altissima,
1458 916 1599 952 magna

267 971 553 1003 tormentorum
583 966 710 1016 copia,
733 966 864 1004 multis
894 966 1110 1017 sagittariis,
1137 980 1281 1016 magno
1310 968 1453 1014 labore,
1483 981 1600 1018 appa-

266 1037 350 1067 ratu
372 1030 505 1068 multis
530 1031 672 1069 sauciis
700 1032 852 1078 nostris,
876 1031 1066 1070 incolumi
1090 1032 1260 1071 exercitu
1286 1032 1487 1083 negotium
1508 1047 1599 1072 con-

265 1095 441 1134 fecimus.
501 1097 640 1135 Hilara
669 1111 763 1136 sane
793 1098 1012 1136 Saturnalia
1046 1098 1235 1136 militibus
1265 1112 1424 1149 quoque
1454 1099 1597 1149 quibus

264 1160 374 1210 equis
410 1161 581 1211 exceptis
617 1162 806 1212 reliquam
839 1164 1025 1212 praedam
1055 1163 1333 1202 concessimus.
1396 1164 1597 1214 Mancipia
1621 1178 1656 1209 15

264 1226 451 1264 venibant
491 1227 760 1265 Saturnalibus
800 1227 932 1267 tertiis.
1004 1229 1107 1267 Cum
1146 1229 1243 1266 haec
1283 1228 1514 1275 scribebam,
1557 1229 1596 1267 in

262 1291 444 1329 tribunali
468 1306 527 1330 res
558 1300 638 1330 erat
658 1294 709 1330 ad
739 1294 809 1331 HS
830 1287 926 1331 ᾗ,
988 1293 1096 1331 Hinc
1125 1293 1336 1331 exercitum
1365 1293 1404 1330 in
1432 1293 1597 1332 hiberna

260 1356 339 1406 agri
362 1358 463 1394 male
484 1356 613 1406 pacati
631 1358 911 1396 deducendum
932 1357 1084 1406 Quinto
1104 1357 1209 1396 fratri
1229 1358 1399 1406 dabam,
1429 1358 1512 1409 ipse
1533 1372 1596 1397 me

262 1421 501 1459 Laodiceam
523 1421 771 1472 recipiebam.

215 1494 243 1532 6
319 1488 432 1524 Haec
459 1488 602 1525 adhuc.
661 1488 739 1525 Sed
765 1488 817 1526 ad
844 1487 1049 1538 praeterita
1076 1495 1322 1527 revertamur.
1383 1490 1504 1538 Quod
1532 1503 1595 1528 me
1616 1504 1656 1526 20

264 1551 432 1590 maxime
467 1551 630 1590 hortaris
665 1559 703 1590 et
737 1553 845 1601 quod
877 1552 997 1602 pluris
1031 1560 1089 1591 est
1119 1567 1238 1603 quam
1268 1553 1411 1601 omnia,
1444 1554 1484 1592 in
1515 1568 1595 1604 quo

262 1618 416 1655 laboras
451 1623 493 1654 ut
527 1616 644 1655 etiam
680 1617 868 1667 Ligurino
894 1618 1008 1669 μώμῳ
1043 1617 1134 1656 satis
1166 1618 1366 1666 faciamus,
1393 1619 1535 1657 moriar
1564 1619 1595 1657 si

260 1682 473 1732 quicquam
503 1681 585 1720 fieri
615 1689 744 1731 potest
775 1682 1002 1732 elegantius.
1064 1684 1149 1721 Nec
1177 1683 1253 1721 iarn
1281 1697 1354 1734 ego
1378 1685 1481 1722 hanc
1505 1698 1595 1723 con-

260 1747 466 1785 tinentiam
500 1749 668 1796 appello,
707 1760 807 1797 quae
843 1747 963 1785 virtus
1000 1748 1190 1798 voluptati
1223 1748 1399 1787 resistere
1428 1749 1592 1789 videtur.

262 1814 347 1862 Ego
368 1812 407 1849 in
424 1812 501 1850 vita
522 1825 609 1850 mea
626 1813 732 1850 nulla
752 1826 942 1862 umquam
960 1814 1160 1863 voluptate
1181 1820 1288 1851 tanta
1309 1827 1394 1851 sum
1415 1816 1593 1853 adfectus
1617 1828 1653 1859 ²5

261 1886 408 1928 quanta
445 1877 609 1915 adficior
643 1878 718 1915 hac
758 1877 989 1928 integritate,
1027 1891 1100 1916 nec
1135 1892 1197 1916 me
1236 1886 1316 1916 tam
1355 1880 1459 1917 fama
1492 1894 1594 1929 quae

262 1956 417 1981 summa
445 1950 502 1980 est
537 1956 656 1992 quam
691 1957 751 1981 res
786 1943 871 1993 ipsa
903 1945 1082 1982 delectat.
1156 1944 1265 1992 Quid
1297 1945 1479 1994 quaeris?
1522 1946 1593 1983 fuit

262 2007 371 2046 tanti.
432 2009 500 2045 Me
527 2007 610 2058 ipse
640 2022 721 2046 non
749 2022 885 2047 noram
914 2022 987 2047 nec
1014 2008 1106 2047 satis
1133 2008 1305 2047 sciebam
1327 2009 1422 2059 quid
1450 2009 1489 2047 in
1517 2011 1593 2049 hoc

261 2087 403 2124 genere
426 2075 550 2111 facere
579 2087 747 2124 possem.
810 2076 936 2112 Recte
962 2075 1212 2124 πεφυσίωμαι.
1269 2075 1380 2113 Nihil
1403 2082 1461 2113 est
1487 2089 1594 2125 prae-

1043 2177 1122 2209 equis

306 2220 354 2250 14,
376 2219 413 2249 15
438 2211 559 2250 quibus
577 2211 673 2250 equis
691 2211 844 2250 exceptis
861 2210 994 2241 Baiter:
1030 2212 1171 2250 equibus
1189 2211 1341 2250 exceptis
1359 2211 1401 2241 M
1415 2212 1463 2249 (in
1481 2223 1590 2252 marg.

262 2253 322 2283 ⁴a1.
341 2251 496 2292 quibus')
515 2264 521 2283 :
546 2252 665 2291 quibus
682 2253 732 2282 vel
744 2253 866 2291 quibus
892 2253 1032 2292 captivis
1060 2253 1212 2292 exceptis
1234 2253 1445 2294 lVescnbergg:
1470 2255 1592 2294 quibus

259 2297 410 2335 exceptis
429 2296 603 2334 mancipiis
625 2295 755 2336 Tyrrell‚
772 2296 897 2326 Muller
995 2298 1033 2326 16
1050 2296 1168 2328 tertiis.
1190 2307 1262 2326 cum
1282 2297 1364 2327 haec
1381 2297 1567 2328 scribebam
1585 2310 1592 2329 z

260 2339 294 2369 in
322 2339 481 2370 tribunali
513 2338 702 2379 lVesenbmg
869 2349 911 2379 29
933 2338 1131 2380 πεφυσίωμαι
1161 2339 1260 2371 Vicm
1287 2344 1512 2371 ΠΕΦΕΕΙΩΑΙ
1531 2342 1591 2372 M:

259 2382 442 2423 πεφύσημαι
465 2381 511 2412 W
510 2383 665 2423 csenberg,
687 2381 811 2413 Mc'illcr
