1817 2832
156 153 263 190 V1.i
591 154 646 190 M.
679 152 848 190 TVLLI
880 150 1187 191 CICERONIS

234 264 471 303 edicendum
496 262 639 314 putavi.
700 264 882 312 Quorum
911 275 1035 300 unum
1065 269 1123 300 est
1149 261 1386 312 provinciale
1415 260 1456 299 in
1485 274 1565 311 quo

234 336 292 368 est
323 330 373 367 de
402 327 619 367 rationibus
653 327 867 375 civitatum,
896 328 947 365 de
979 340 1068 365 aere
1101 325 1242 374 alieno,
1274 328 1324 365 de
1357 340 1483 373 usura,
1516 327 1566 364 de

235 392 474 443 syngraphis,
498 392 538 430 in
568 393 711 431 eodem
737 392 871 430 omnia
900 393 950 430 de
980 390 1227 442 publicanisg
1254 392 1430 437 alterum,
1457 391 1566 440 quod

235 458 319 497 sine
353 457 485 496 edicto
519 457 611 495 satis
650 458 863 496 commode
897 455 1056 506 transigi
1090 470 1172 495 non
1205 463 1347 506 potest,
1376 457 1427 494 de
1460 457 1567 493 here-

234 523 402 562 ditatum
436 521 767 572 possessionibus,
799 523 850 560 de
883 521 1000 560 bonis
1038 520 1303 571 possidendis,
1333 518 1564 566 vendendis,
1587 528 1604 561 5

235 587 426 638 magistris
455 586 656 634 faciendis,
684 599 786 636 quae
818 600 864 624 ex
894 585 1026 624 edicto
1055 593 1094 624 et
1119 583 1307 636 postulari
1337 592 1375 623 et
1402 584 1483 622 fieri
1510 597 1569 622 so-

234 654 328 692 lent.
384 651 563 690 Tertium
597 653 648 690 de
686 650 837 700 reliquo
876 650 958 689 iure
996 650 1173 689 dicundo
1212 651 1383 703 ἄγραφον
1415 647 1565 698 reliqui.

236 717 327 755 Dixi
362 730 425 755 me
455 718 505 755 de
534 730 582 755 eo
611 729 753 766 genere
788 729 877 753 mea
905 716 1064 754 decreta
1091 717 1143 754 ad
1172 714 1303 754 edicta
1330 715 1481 753 urbana
1509 726 1569 751 ac-

235 783 593 821 commodaturum.
648 783 788 831 Itaque
809 794 904 819 curo
925 788 963 818 et
984 780 1076 818 satis
1096 780 1197 819 facio
1217 781 1349 818 adhuc
1369 778 1566 818 omnibus.

236 847 376 886 Graeci
410 860 502 885 vero
540 847 735 885 exsultant
770 846 880 895 quod
916 845 1127 895 peregrinis
1162 844 1359 883 iudicibus
1393 850 1567 882 utuntur.
1592 857 1629 879 10

235 914 244 931 ‘
259 913 296 950 N
302 911 527 961 ugatoribus
543 910 705 960 quidem
723 912 730 927 '
747 910 915 960 inquies.
965 909 1074 959 Quid
1090 911 1233 948 refert?
1257 916 1389 947 tamen
1406 922 1447 947 se
1468 911 1571 947 αὖτο-

234 978 364 1027 ιιομίαν
391 977 557 1026 adeptos
587 982 740 1025 putant.
812 974 943 1013 Vestri
973 974 1080 1012 enim
1115 975 1234 1013 credo
1264 973 1389 1024 gravis
1421 974 1570 1012 habent

235 1041 480 1092 Turpionem
502 1039 693 1078 sutorium
714 1047 752 1078 et
768 1039 946 1077 Vettium
969 1038 1203 1089 mancipem.

168 1107 215 1144 16
292 1109 354 1145 De
387 1104 608 1156 publicanis
643 1104 739 1154 quid
770 1117 884 1153 agam
918 1103 1060 1142 videris
1093 1117 1289 1153 quaerere.
1350 1104 1497 1142 Habeo
1530 1102 1570 1141 in

237 1170 398 1217 deliciis,
422 1171 631 1219 obsequor,
653 1168 782 1208 verbis
806 1170 936 1215 laudo,
961 1181 1058 1206 orno
1073 1183 1083 1216 ;
1113 1168 1240 1207 efficio
1261 1182 1311 1207 ne
1331 1168 1394 1207 cui
1416 1167 1571 1206 molesti
1593 1182 1628 1214 15

237 1236 326 1274 sint.
384 1236 434 1273 Τὸ
454 1235 762 1285 παραδοξότατον,
785 1247 922 1272 usuras
950 1247 1086 1272 eorum
1111 1247 1208 1283 quas
1233 1233 1482 1284 pactionibus
1507 1234 1573 1271 ad-

238 1301 471 1351 scripserant
492 1298 657 1338 servavit
673 1298 791 1337 etiam
813 1298 1010 1337 Servilius.
1069 1300 1154 1348 Ego
1176 1298 1241 1337 sic.
1303 1298 1421 1336 Diem
1442 1305 1572 1336 statuo

237 1366 329 1405 satis
364 1367 501 1411 laxam,
536 1378 655 1414 quam
688 1371 781 1402 ante
815 1363 847 1401 si
885 1363 1081 1410 solverint,
1114 1363 1205 1402 dico
1240 1377 1304 1402 me
1337 1362 1572 1401 centesimas

237 1432 447 1470 ducturum
463 1444 473 1477 3
503 1429 534 1468 si
558 1442 640 1467 non
664 1428 860 1475 solverint,
884 1442 931 1466 ex
951 1428 1146 1478 pactione.
1208 1429 1347 1478 Itaque
1371 1435 1410 1466 et
1431 1427 1571 1466 Graeci

238 1498 393 1534 solvunt
423 1493 617 1534 tolerabili
647 1495 806 1532 faenore
839 1499 878 1531 et
907 1493 1128 1543 publicanis
1160 1507 1219 1532 res
1251 1501 1309 1532 est
1341 1492 1568 1543 gratissima,
1592 1506 1632 1528 20

238 1561 269 1598 si
308 1560 372 1598 illa
406 1560 484 1598 iam
519 1559 668 1597 habent
696 1559 816 1608 pleno
856 1558 1002 1604 modio,
1035 1559 1245 1597 verborum
1283 1559 1486 1604 honorem,
1518 1557 1573 1595 in-

238 1624 467 1663 vitationem
502 1624 690 1662 crebram.
762 1621 871 1670 Quid
906 1624 1046 1672 plura?
1092 1630 1184 1660 sunt
1217 1636 1355 1661 omnes
1389 1622 1443 1661 ita
1476 1622 1573 1660 mihi

239 1689 446 1728 familiares
474 1696 516 1726 ut
543 1701 584 1726 se
613 1687 781 1738 quisque
810 1687 979 1726 maxime
999 1694 1121 1738 putet.
1193 1688 1271 1726 Sed
1299 1695 1431 1726 tamen
1459 1688 1574 1738 μηδὲν

240 1753 492 1795 αὐτοῖς-5015
512 1753 671 1802 reliqua.

178 1828 219 1867 17
297 1821 358 1857 De
392 1826 520 1857 Statua
545 1816 720 1856 Africani
748 1816 793 1870 (ὢ
820 1819 1048 1871 πραγμάτων
1073 1819 1373 1871 ἁσυγκλώστωνέ
1413 1819 1483 1856 sed
1510 1831 1573 1857 me
1594 1828 1632 1860 25

240 1886 284 1923 id
313 1884 442 1934 ipsum
477 1882 686 1921 delectavit
725 1883 766 1921 in
805 1883 880 1922 tuis
920 1882 1073 1934 litteris)
1111 1883 1176 1922 ain
1215 1885 1286 1922 tu?
1338 1883 1471 1933 Scipio
1509 1883 1573 1921 hic

243 1951 428 1988 Metellus
448 1962 638 1998 proavum
660 1962 775 1986 suum
797 1948 921 1987 nescit
938 1962 1142 1987 censorem
1163 1962 1245 1987 non
1266 1948 1413 1987 fuisse?
1452 1947 1573 1998 Atqui

241 2015 338 2053 nihil
372 2013 509 2052 babuit
543 2014 651 2052 aliud
683 2014 915 2064 inscriptum
945 2014 1019 2052 nisi
1050 2026 1123 2052 cos
1153 2028 1200 2053 ea
1233 2021 1360 2052 statua
1390 2027 1490 2064 quae
1523 2014 1575 2051 ad

242 2080 341 2132 Opis
373 2085 463 2130 iper
492 2084 556 2120 te†
586 2079 714 2130 posita
744 2079 783 2117 in
813 2081 968 2118 excelso
1000 2086 1069 2118 est.
1141 2081 1189 2118 In
1219 2079 1284 2117 illa
1312 2086 1444 2118 autem
1474 2092 1575 2129 quae

285 2195 304 2225 5
330 2184 546 2225 possidendis
569 2184 637 2215 secl.
671 2182 863 2223 Wesenberg
948 2183 1139 2214 vendendis
1175 2184 1209 2212 in
1233 2181 1274 2212 M
1290 2186 1366 2223 post
1390 2182 1573 2213 faciendis:

243 2229 443 2269 transposuit
460 2227 578 2258 Lamb.
715 2238 753 2257 21
780 2227 824 2267 si]
851 2226 900 2256 sie
919 2226 1060 2258 Lamb.:
1095 2226 1224 2257 scilicet
1250 2226 1367 2257 Orelli:
1404 2227 1464 2257 sed
1489 2227 1570 2257 σοιτί.

247 2272 437 2313 lVesenberg
525 2273 568 2302 26
591 2271 624 2302 id
641 2270 718 2302 add.
740 2270 861 2301 Lamb.
959 2271 1001 2300 28
1025 2280 1086 2301 cos
1103 2269 1312 2302 Mommsen:
1338 2279 1471 2300 CENSOR
1485 2269 1572 2300 codd.

243 2316 292 2346 De
308 2318 368 2346 l1ac
384 2327 415 2345 re
429 2315 509 2355 ch.
522 2315 550 2346 I.
566 2313 605 2345 L.
625 2314 648 2344 i²
658 2319 690 2354 p.
707 2315 767 2344 186
835 2313 876 2343 ad
893 2312 981 2353 vulg.
1000 2325 1006 2345 ε
1032 2314 1073 2343 ab
1090 2313 1178 2343 codd.
1268 2324 1310 2352 29
1334 2323 1394 2352 per
1412 2318 1443 2343 te
1463 2313 1573 2353 vulga:

244 2366 340 2399 parte
354 2360 392 2389 I:
419 2369 528 2398 nuper
545 2357 625 2390 coni.
644 2358 750 2389 Boot:
777 2356 936 2397 Opiferae
950 2356 1084 2395 sordem
1155 2357 1280 2398 posita]
1300 2357 1429 2396 postica
1450 2356 1576 2387 Urlichs

244 2403 374 2444 autem]
393 2403 472 2434 item
489 2402 523 2433 F
