1817 2832
152 122 245 160 VII.
265 122 378 159 xxiii
666 122 722 159 M.
754 121 923 159 TVLLI
954 115 1263 160 CICERONIS

303 235 478 271 Thermo
508 232 746 272 ducentibus
776 245 867 270 cum
899 231 1051 270 Domiti
1079 231 1252 270 exercitu
1275 231 1507 271 coniunctas
1534 245 1629 280 esse,

302 300 513 338 Caesarem
552 296 760 335 intercludi
798 310 915 347 posse
954 310 1126 346 eumque
1164 296 1206 336 id
1247 296 1395 345 timere,
1435 298 1633 336 bonorum

300 363 454 401 animos
476 370 669 401 recreatos
696 364 865 410 Romae,
885 361 1088 412 improbos
1109 361 1221 412 quasi
1246 363 1457 412 perculsos.
1518 365 1633 402 Haec

302 437 436 467 metuo
468 427 655 477 equidem
687 441 737 466 ne
768 427 845 465 sint
872 427 1037 475 somnia,
1069 428 1139 465 sed
1167 435 1300 465 tamen
1331 429 1397 465 Μ’.
1422 427 1630 478 Lepidum,

301 495 344 532 L.
382 495 645 543 Torquatum,
677 494 721 532 C.
757 492 940 532 Cassium
979 491 1181 530 tribunum
1215 487 1266 542 pl.
1301 492 1359 543 (hi
1397 492 1503 531 enim
1541 500 1632 531 sunt
1652 507 1669 538 5

300 558 521 605 nobiscum,
544 557 585 596 id
615 565 674 596 est
702 557 743 595 in
773 556 1003 607 Formiano)
1027 556 1228 595 Philotimi
1258 556 1408 595 litterae
1434 558 1485 596 ad
1512 556 1632 595 vitam

299 630 590 661 revocaverunt.
653 624 738 672 Ego
767 630 900 660 autem
930 622 996 660 illa
1025 629 1161 660 metuo
1190 634 1240 660 ne
1266 621 1416 660 veriora
1445 621 1532 669 sint,
1559 635 1632 660 nos

300 688 429 726 omnis
461 701 587 738 paene
619 687 696 726 iam
731 695 868 738 captos
907 700 1003 734 esse,
1039 686 1276 737 Pompeium
1316 686 1431 725 Italia
1468 688 1634 735 cedere,

300 767 420 803 quem
453 753 615 803 quidem
647 753 688 803 (o
717 766 799 791 rem
828 753 1010 803 acerbam
1030 752 1055 802 1)
1084 751 1267 802 persequi
1302 753 1447 791 Caesar
1478 751 1630 791 dicitur.

301 818 488 868 Persequi
517 819 661 858 Caesar
689 817 954 868 Pompeium?
988 816 1114 867 quid?
1143 824 1186 854 ut
1213 816 1448 855 interficiat?
1504 818 1541 856 O
1569 831 1632 856 me
1656 833 1693 855 10

301 883 511 921 miserum!
570 885 621 921 Et
643 896 722 921 non
744 896 883 921 omnes
911 889 1044 920 nostra
1063 894 1228 931 corpora
1257 881 1526 931 opponimus?
1584 884 1633 921 In

301 961 381 998 quo
421 956 461 986 tu
497 961 657 998 quoque
692 946 925 998 ingemiscis.
986 947 1066 986 Sed
1104 946 1202 997 quid
1240 946 1458 986 faciamus?
1514 947 1631 995 Victi,

301 1012 489 1063 oppressi,
511 1013 615 1063 capti
636 1014 752 1062 plane
772 1026 919 1050 sumus.

258 1093 283 1120 2
356 1079 442 1127 Ego
472 1085 605 1115 tamen
635 1076 837 1115 Philotimi
866 1076 1001 1116 litteris
1031 1076 1141 1115 lectis
1171 1076 1320 1115 mutavi
1347 1077 1555 1116 consilium
1582 1078 1633 1116 de

302 1142 541 1181 mulieribus.
602 1143 722 1191 Quas,
749 1150 792 1180 ut
823 1142 1053 1191 scripseram
1085 1143 1136 1180 ad
1171 1149 1220 1189 te,
1257 1144 1431 1181 Romam
1465 1142 1632 1181 remitte·
1655 1157 1691 1188 15

301 1208 391 1246 bam
410 1223 418 1255 3
448 1209 519 1246 sed
536 1207 631 1245 mihi
652 1207 758 1246 venit
779 1206 818 1245 in
840 1215 1014 1246 mentem
1033 1209 1200 1245 multum
1222 1209 1304 1246 fore
1325 1221 1548 1246 sermonem
1570 1222 1633 1247 me

300 1273 491 1311 iudicium
513 1272 590 1310 iam
611 1273 662 1311 de
682 1286 799 1310 causa
819 1272 978 1322 publica
999 1272 1136 1311 fecisse
1152 1287 1162 1319 3
1191 1286 1270 1322 qua
1296 1273 1502 1323 desperata
1522 1272 1635 1323 quasi

300 1339 407 1376 hunc
434 1339 599 1387 gradum
630 1337 707 1376 mei
736 1337 883 1376 reditus
913 1351 998 1376 esse
1028 1338 1136 1387 quod
1165 1337 1347 1376 mulieres
1374 1337 1631 1377 revertissent.

304 1405 365 1440 De
396 1416 459 1441 me
488 1410 621 1440 autem
650 1401 736 1452 ipso
766 1401 834 1440 tibi
867 1401 1077 1448 adsentior,
1110 1415 1160 1440 ne
1188 1415 1252 1440 me
1281 1403 1374 1441 dem
1398 1402 1569 1441 incertae
1596 1410 1634 1442 et

301 1468 544 1518 periculosae
584 1469 709 1517 fugae,
751 1481 841 1505 cum
880 1466 934 1505 rei
973 1466 1155 1516 publicae
1195 1467 1292 1505 nihil
1337 1468 1498 1518 prosim,
1535 1467 1633 1506 nihil
1656 1482 1694 1504 20

303 1532 520 1582 Pompeio,
559 1546 630 1582 pro
661 1546 741 1582 quo
773 1531 895 1570 emori
926 1545 1017 1570 cum
1048 1531 1111 1582 pie
1141 1545 1304 1582 possum
1339 1540 1423 1571 tum
1454 1533 1630 1572 libenter.

305 1599 481 1636 Manebo
502 1597 627 1647 igitur,
651 1597 722 1636 etsi
743 1597 936 1636 vivere—.

261 1669 284 1706 3
358 1664 479 1711 Quod
509 1663 663 1712 quaeris
689 1661 752 1700 hic
782 1662 877 1711 quid
907 1671 1055 1712 agatur,
1076 1670 1157 1701 tota
1182 1665 1320 1714 Capua
1346 1671 1385 1702 et
1413 1662 1542 1701 omnis
1568 1663 1633 1701 hic

303 1727 470 1766 dilectus
499 1726 623 1773 iacet,
653 1727 858 1776 desperata
887 1741 946 1765 res
977 1735 1045 1775 est,
1073 1728 1113 1766 in
1143 1729 1233 1777 fuga
1262 1742 1400 1766 omnes
1431 1736 1531 1775 sunt,
1559 1727 1633 1765 nisi

304 1792 370 1842 qui
391 1793 489 1831 deus
516 1791 653 1830 iuverit
678 1800 719 1829 ut
751 1792 963 1842 Pompeius
985 1793 1076 1830 istas
1100 1793 1250 1831 Domiti
1280 1793 1414 1843 copias
1441 1807 1532 1832 cum
1553 1793 1633 1832 suis
1655 1806 1693 1837 25

302 1857 525 1906 coniungat.
586 1858 664 1895 Sed
694 1856 925 1895 videbamur
957 1858 1091 1896 omnia
1124 1858 1249 1897 biduo
1279 1858 1458 1897 triduove
1488 1858 1631 1896 scituri.

304 1922 481 1961 Caesaris
502 1921 715 1960 litterarum
738 1924 962 1973 exemplum
985 1922 1056 1960 tibi
1079 1922 1191 1970 misi3
1220 1936 1374 1973 rogaras
1395 1923 1511 1961 enim.
1559 1923 1634 1963 Cui

303 2001 375 2025 nos
396 1988 509 2026 valde
530 1987 621 2026 satis
642 1989 768 2026 facere
791 1988 902 2025 multi
923 1989 974 2026 ad
996 2001 1058 2026 me
1085 1987 1322 2038 scripserunt
1337 2002 1348 2036 3
1375 1989 1486 2038 quod
1508 1988 1636 2039 patior

303 2052 426 2099 facile,
449 2054 546 2091 dum
567 2061 609 2091 ut
629 2055 760 2092 adhuc
782 2052 878 2090 nihil
899 2052 1039 2091 faciam
1061 2052 1232 2103 turpiter.

346 2159 366 2189 8
391 2159 517 2199 paene]
545 2159 645 2198 plane
675 2158 865 2198 lVescnberg
1007 2168 1047 2188 22
1068 2162 1142 2198 post
1158 2159 1273 2189 vivere
1302 2157 1416 2189 addere
1431 2157 1570 2193 ἀβίωτον
1587 2159 1637 2189 vel

302 2203 407 2232 simile
419 2203 553 2233 verbum
573 2202 731 2233 Graccum
748 2203 843 2232 velim
985 2212 1038 2240 24,
1058 2212 1099 2240 25
1125 2202 1190 2233 nisi
1215 2202 1273 2241 qui
1299 2203 1382 2232 deus
1408 2203 1528 2233 iuverit
1552 2203 1633 2233 coni.

309 2246 431 2285 Tyrrell
444 2247 510 2277 coll.
532 2246 630 2276 Fam.
651 2247 719 2276 xvi.
744 2255 793 2276 12.
813 2255 825 2275 1
848 2245 910 2285 (vel
924 2245 1046 2275 fecerit
1063 2245 1160 2286 Boot)
1178 2257 1185 2277 ε
1203 2245 1269 2277 nisi
1285 2246 1365 2285 quid
1379 2246 1450 2277 eius
1463 2245 1564 2277 fuerit
1578 2245 1633 2276 M:

304 2290 368 2320 nisi
386 2291 466 2329 quid
486 2291 558 2321 eius
575 2290 667 2320 modi
686 2289 787 2320 suerit
810 2288 990 2320 Ascensius
1007 2288 1067 2330 (ed.
1083 2289 1119 2329 2)
